3210 5012
334 655 414 719 cisse
436 654 541 719 bledos
562 671 677 738 eosque
700 655 852 738 aliquanto
873 663 941 740 post
972 663 1091 722 ceteras
1114 657 1253 721 nationes
1270 673 1340 722 esse
1363 673 1418 722 se·

325 772 440 848 quutas.
485 766 585 847 Atque
606 766 674 832 illos
697 767 817 850 quidem
836 775 993 850 postquam
1016 768 1196 850 aliquamdiu
1217 769 1280 832 suis
1302 767 1419 851 legibus

320 877 367 942 usi
387 896 491 960 regem
508 877 565 940 sibi
582 877 746 961 elegissent
763 879 920 955 Deiecem,
940 886 1087 962 regnante
1110 881 1175 944 eius
1199 879 1260 943 lilio
1273 878 1417 941 Pbraorte

318 986 355 1066 (l,
380 987 454 1065 100)
478 988 589 1051 ceteris
612 989 705 1052 Asiae
734 989 876 1070 gentibus
908 989 1087 1069 perdomitis
1112 989 1240 1071 denique
1268 988 1414 1070 assyrios

317 1113 438 1180 quoque
460 1098 586 1161 adortos
605 1099 643 1161 ab
663 1094 711 1160 bis
733 1097 818 1162 lusos
840 1099 1019 1180 fugatosque
1041 1105 1121 1162 e'sse.
1154 1099 1215 1164 Sed
1235 1097 1323 1180 paulo
1346 1102 1414 1179 post

317 1206 355 1286 (l,
385 1207 461 1288 103)
482 1225 500 1269 a
521 1207 658 1290 cyaxare
681 1207 773 1289 patris
797 1207 915 1275 cladem
946 1208 1046 1274 ulturo
1068 1209 1175 1273 Ninum
1203 1209 1309 1271 iterum
1341 1223 1413 1270 esse

315 1318 450 1398 petitam,
474 1318 651 1401 Scytharum
673 1324 772 1381 autem
794 1317 927 1381 adventu
947 1322 1200 1402 expugnationem
1215 1317 1406 1401 prohibitam.

317 1425 375 1502 Qui
398 1444 485 1509 quum
511 1427 621 1491 exinde
645 1432 706 1490 tota
740 1425 805 1491 iere
823 1428 898 1492 Asia
921 1429 1008 1509 potiti
1030 1429 1071 1492 08
1092 1429 1211 1496 demum
1233 1428 1320 1492 annis
1343 1433 1412 1510 post

315 1554 333 1600 a
354 1536 492 1620 cyaxare
514 1536 591 1620 pulsi
614 1541 730 1616 essent,
754 1537 792 1599 ab
811 1548 851 1600 eo
869 1522 980 1600 0001111111
999 1545 1120 1620 captam
1142 1544 1295 1621 totamque
1312 1540 1412 1620 Assy-

313 1648 388 1710 riam
414 1646 580 1730 Babylonia
602 1653 729 1728 excepta
751 1647 906 1712 subactam
929 1649 1050 1728 essetl,
1069 1648 1156 1728 106).
1200 1649 1322 1713 Praeter
1336 1647 1414 1711 boec

315 1756 488 1821 llerodotus
509 1757 547 1820 dc
565 1757 702 1839 Assyriis
725 1763 893 1820 memoratu
917 1759 1040 1840 dignum
1071 1758 1145 1821 nibil
1177 1758 1322 1837 tradidit,
1353 1757 1412 1822 nisi

315 1867 396 1952 quod
419 1868 438 1930 l.
460 1867 485 1929 ll
522 1886 549 1932 e.
577 1869 634 1958 141
666 1867 863 1930 Sanacbaribi
885 1869 934 1948 qui
967 1875 1073 1931 eontra
1095 1870 1263 1954 Aegyptum
1285 1868 1411 1954 expedi.

316 1977 427 2041 tionem
460 1978 630 2057 susceperit
652 1977 812 2040 infaustam
843 1983 874 2039 et
895 1977 1092 2058 Sardanapali
1115 1978 1134 2040 l.
1156 1979 1181 2040 ll
1214 1997 1241 2042 c.
1268 1980 1326 2042 150
1360 1972 1414 2041 Ni-

314 2090 401 2150 nlves
421 2089 504 2171 regis
519 2094 545 2166 ι)
570 2086 682 2150 divitiis
704 2085 951 2150 abundantissimi
974 2087 1158 2148 mentionem
1182 2086 1265 2148 lacit.
1302 2084 1363 2146 lam
1380 2089 1411 2144 ut

314 2198 366 2261 illo
387 2199 465 2261 duce
486 2204 621 2278 tempora
646 2198 889 2276 constituantur,
920 2214 937 2257 a
960 2195 1147 2259 Medicorum
1179 2213 1284 2278 regum
1306 2193 1410 2278 regnis

314 2309 568 2392 proficiscendum
592 2315 647 2370 est.
689 2307 792 2388 ltaque
814 2309 852 2369 ab
876 2305 982 2371 11659
1008 2324 1067 2389 quo
1090 2305 1207 2370 illorum
1223 2306 1413 2386 imperiuma

295 2418 392 2502 ¹Cyro
410 2418 539 2482 deletum
560 2435 630 2480 esse
650 2423 769 2480 constat
783 2417 929 2496 protectis
952 2419 1021 2498 quia
1043 2418 1083 2482 l.l
1106 2437 1131 2481 c.
1148 2417 1205 2480 130
1218 2421 1248 2474 et
1262 2413 1319 2474 106
1346 2412 1413 2472 ocl-

311 2530 380 2593 latis
393 2528 538 2610 cyaxaris
552 2545 679 2610 regnum
696 2525 901 2594 1630-504
914 2525 1134 2609 adsignandum
1157 2529 1213 2600 est,
1230 2526 1298 2602 post
1312 2538 1338 2581 a.
1348 2517 1408 2582 607

312 2633 477 2716 <ool-ao
500 2667 532 2692 =
547 2635 625 2716 600)
651 2636 805 2699 Herodoto
828 2641 905 2697 teste
927 2633 1072 2716 Assyrios
1096 2630 1191 2693 bladis
1211 2629 1408 2691 succubuisse

308 2731 415 2830 liquet.
438 2741 536 2828 Regni
554 2751 655 2808 autem
670 2747 788 2810 exordii
799 2752 928 2809 aetatem
944 2742 1108 2805 definituris
1125 2741 1156 2802 id
1176 2758 1279 2823 parum
1296 2756 1410 2820 oppor-

311 2865 385 2923 tune
406 2859 517 2935 evenit,
545 2853 625 2937 quod
638 2873 727 2936 quum
740 2857 884 2919 Deioeem
909 2874 936 2918 a.
954 2850 1120 2918 709-656
1141 2867 1289 2933 regnasse
1308 2866 1347 2910 ex
1366 2847 1410 2910 l.l

313 2968 413 3034 c.102
430 2965 577 3030 alliciatur
584 2970 623 3045 ²),
645 2971 716 3048 quot
734 2981 831 3028 annos
845 2966 923 3026 inter
937 2964 1002 3026 eius
1023 2977 1180 3023 aceessum
1195 2957 1410 3040 Medorumque

315 3078 519 3142 delectionem
543 3075 761 3156 computaverit
778 3073 949 3136 Herodotus
965 3088 1026 3133 non
1047 3071 1197 3133 invenitur
1210 3069 1299 3150 piane
1315 3067 1410 3130 tradi-

314 3196 385 3253 tum.
420 3187 522 3269 ltaque
543 3193 708 3268 praeeunte
730 3182 938 3264 Niebunnio³p
967 3181 1005 3244 ad
1034 3199 1071 3243 ea
1097 3198 1173 3263 quae
1198 3181 1235 3243 de
1259 3178 1408 3262 Lydorum

306 3287 415 3364 'retulit
450 3297 622 3380 primordiis
654 3293 871 3360 recurrendum
907 3298 962 3354 est.
1013 3291 1086 3354 Nam
1109 3291 1168 3354 duo
1202 3291 1323 3353 omnino
1351 3306 1410 3374 ge-

312 3427 387 3472 nera
410 3409 535 3489 primum
558 3406 677 3488 quidem
699 3422 754 3486 per
776 3422 803 3465 a.
816 3403 877 3466 505
899 3400 1087 3479 Heraclidas,
1103 3399 1213 3463 deinde
1232 3417 1286 3481 per
1307 3417 1334 3461 a.
1352 3399 1410 3463 170

311 3516 501 3582 blermnadas
524 3514 615 3597 Lydis
633 3530 728 3596 usque
751 3511 790 3576 ad
811 3511 929 3596 imperii
951 3510 1040 3573 finem
1063 3517 1108 3590 (a.
1130 3510 1208 3589 516)
1229 3508 1409 3594 praefuisse,

367 3723 396 3792 1)
415 3717 443 3771 ld
461 3723 569 3786 propter
587 3715 733 3768 ldoremum
752 3728 847 3767 moneo
867 3712 1020 3784 (l'booieicr
1037 3709 1056 3776 l,
1074 3710 1139 3784 470)
1169 3709 1263 3764 verbor
1295 3701 1329 3764 τὰ
1349 3701 1405 3781 γὰρ

412 3812 660 3888 Σαρδαναπάλλου
680 3812 734 3867 rod
753 3815 844 3868 Νίνου
872 3810 1004 3882 βασιλῆος
1030 3811 1175 3881 χρήματα-
1191 3805 1276 3865 etna
1294 3803 1404 3882 μεγάλα

416 3911 485 3964 ialro
508 3911 545 3962 ita
568 3911 776 3976 interpretatum,
799 3915 830 3960 ut
855 3921 947 3978 regen
958 3905 1020 3959 llini
1037 3904 1121 3956 illlum
1144 3902 1196 3960 diei
1216 3903 1340 3974 opinatur
1365 3900 1407 3953 sit.

367 4011 398 4081 0)
416 4007 480 4062 Tota
492 4008 625 4060 bladorum
636 4021 728 4078 regum
740 4007 824 4061 serias
843 4004 912 4058 baec
930 4011 985 4058 est:
1005 4003 1117 4056 lleiocer
1134 3999 1275 4057 docuero
1293 4007 1330 4072 (c.
1346 3999 1410 4070 102)

981 4099 1121 4155 Pbrasrtes
1136 4095 1281 4159 dffi-dbd

982 4197 1119 4267 cyaxares
1134 4193 1280 4251 dddadbd
1298 4203 1335 4262 (a.
1349 4191 1410 4262 106)

990 4295 1122 4368 Astyageb
1139 4289 1280 4348 wore
1294 4295 1334 4364 qe.
1348 4287 1411 4356 130)

376 4391 816 4470 5108011011ομοΜ
1184 4413 1197 4432 „
