3210 5012
511 1198 1007 1286 Praefatio.
1105 1230 1106 1234 ¹

645 1422 884 1438 *nutu-odunt*-

325 1588 432 1663 Mi'rum
457 1595 586 1662 forsitan
615 1594 756 1660 videatur
782 1599 871 1676 atque
900 1611 994 1676 opera
1017 1610 1087 1656 esse
1107 1593 1310 1676 infructuosa,

212 1735 295 1816 quod
317 1734 356 1796 de
378 1733 575 1818 Assyriorum
600 1730 693 1794 rebus
723 1747 804 1795 nunc
826 1747 921 1814 agere
943 1745 1099 1810 conamur,
1121 1746 1210 1812 quum
1233 1747 1311 1813 quae

213 1869 250 1930 ab
273 1868 507 1947 inscriptionum
530 1842 724 1930 cuneatarum
747 1863 951 1946 explicatione
975 1863 1181 1946 exspectanda
1204 1869 1252 1928 est
1270 1863 1312 1928 il-

213 2003 353 2066 lustratio
377 2003 418 2064 ita
440 2002 471 2064 in
492 2003 649 2067 cunabulis
670 2002 770 2066 adhuc
795 2007 945 2080 uersatur,
958 2008 991 2063 ut
1012 2006 1115 2065 tantae
1129 2001 1309 2066 obscuritati

209 2137 366 2218 hucusque
386 2136 460 2199 nihil
481 2137 700 2219 propemodum
711 2137 788 2200 lacis
811 2136 932 2199 allatum
946 2135 1114 2200 videamus.
1159 2136 1245 2213 Quae
1256 2156 1310 2202 re·

211 2272 325 2354 putatio
347 2272 374 2334 si
397 2272 493 2352 potuit
515 2271 552 2334 ab
575 2270 623 2334 his
652 2271 761 2334 studiis
789 2271 974 2352 deterrere,
1007 2272 1037 2335 id
1073 2277 1179 2336 contra
1207 2272 1311 2356 magis·

211 2407 370 2491 magisque
391 2407 430 2469 ad
452 2425 490 2470 ea
511 2406 659 2486 incitavit,
674 2406 755 2489 quod
768 2425 845 2488 quae
859 2408 1036 2470 necessaria
1058 2413 1106 2471 est
1126 2425 1309 2490 semperque

211 2542 271 2604 erit
289 2542 475 2622 antiquitatis
498 2541 537 2604 de
561 2541 654 2604 rebus
677 2541 814 2624 Assyriis
837 2541 1080 2606 testimoniorum
1110 2559 1179 2606 cum
1210 2543 1310 2607 docu-

213 2677 322 2740 mentis
345 2694 441 2758 nuper
467 2678 557 2741 editis
588 2665 752 2760 etiamque
767 2677 895 2742 edendis
928 2680 1115 2761 comparatio
1149 2697 1187 2743 eo
1215 2680 1307 2746 tutius

211 2813 359 2898 progredi
382 2815 504 2895 poterit,
528 2831 587 2896 quo
611 2813 745 2877 lirmiore
767 2813 964 2878 fundamento
988 2816 1019 2877 iu
1050 2815 1157 2879 critica
1187 2817 1305 2882 illarum

215 2947 369 3027 copiarum
394 2948 607 3029 disquisitione
636 2949 736 3030 posito
765 2949 887 3012 nitetur.
933 2948 987 3012 Cui
1015 2966 1070 3030 pro
1105 2949 1186 3013 virili
1219 2957 1306 3032 parte

214 3082 405 3148 consulturus
428 3103 466 3148 eo
483 3085 590 3149 ductus
604 3103 688 3165 sum,
711 3091 754 3164 ut,
778 3101 868 3164 quum
889 3083 921 3146 in
942 3083 1110 3149 litterarum
1130 3086 1312 3167 certamine,

213 3221 295 3301 quod
315 3236 396 3283 anno
423 3221 604 3284 restoino
624 3218 874 3300 Philosophorum
898 3219 1109 3301 Amplissimos
1133 3221 1164 3284 in
1178 3223 1312 3287 Univer-

216 3353 302 3419 sitate
323 3355 468 3420 Rhenana
489 3354 537 3418 llis
557 3353 659 3416 verbis
682 3360 900 3436 proposuerat:
920 3355 984 3434 ,Ex
1007 3356 1137 3439 antiquis
1149 3359 1310 3439 scriptori-

218 3488 273 3552 bus
293 3492 421 3558 historia
444 3493 641 3575 Assyriorum
675 3491 781 3555 critica
809 3492 928 3556 ratione
963 3498 1132 3575 exponatur
1159 3492 1308 3575 simulque

216 3626 392 3707 quifructus
414 3629 453 3692 ad
477 3645 544 3691 eam
565 3627 774 3692 illustrandam
797 3627 1023 3711 exAssyriacis
1047 3647 1064 3691 a
1086 3627 1173 3691 Botta
1196 3634 1227 3690 et
1246 3628 1309 3692 La-

213 3762 311 3846 yardo
331 3778 427 3842 nuper
447 3763 479 3825 in
500 3763 599 3826 lucem
620 3762 746 3843 prolatis
769 3763 971 3826 monumentis
994 3763 1055 3826 iam
1080 3780 1161 3825 nunc
1191 3762 1307 3844 percipi

214 3897 321 3982 possit,
348 3895 520 3980 priusquam
543 3903 691 3961 cuneatae
712 3898 772 3961 sint
795 3898 963 3980 explicatae
981 3898 1219 3979 inscriptiones,
1250 3896 1307 3962 de-

216 4037 434 4110 monstretur,“
455 4051 516 4096 non
538 4035 606 4098 sine
629 4051 776 4096 successu
799 4040 985 4113 certassem,
1020 4033 1306 4098 commentationem

219 4169 363 4232 secundis
388 4167 469 4232 curis
491 4167 531 4230 ita
556 4172 786 4250 pertractarem,
809 4175 841 4233 ut
861 4183 961 4248 neque
989 4166 1219 4249 inscriptionum
1249 4187 1307 4233 ex-

216 4305 395 4388 plicationes
417 4324 543 4390 prorsus
566 4303 753 4386 omitterem,
778 4313 807 4370 et
828 4307 860 4371 in
885 4305 922 4369 iis
942 4305 1197 4389 quaestionibus,
1230 4324 1308 4390 quae
