3210 5012
722 431 966 502 -no-

402 645 404 653 ’
534 645 578 672 ”
640 640 673 713 i.
714 639 758 712 lio
780 642 965 732 impioram
986 641 1056 714 iiio.

399 807 590 894 Assyriarum
621 828 720 875 rerum
757 811 916 895 sontibus,
950 815 1000 895 qui
1033 831 1072 878 ax
1102 818 1235 878 veterum
1258 789 1405 896 scriptoss

297 936 362 982 rum
384 923 561 1005 cognitione
577 928 708 1005 manant,
727 923 883 1005 expositis,
907 942 1055 1005 quaenam
1078 929 1156 990 iuter
1174 942 1229 992 eos
1249 925 1326 988 ratio
1345 926 1396 988 in-

298 1015 435 1096 tercedat
464 1033 494 1097 iu
517 1038 683 1114 conspectu
716 1041 867 1117 ponatur,
904 1043 936 1098 ut
958 1036 999 1099 ita
1022 1035 1060 1099 de
1082 1017 1315 1119 uniuscuiusque
1336 1035 1394 1098 iida

298 1143 484 1223 quaestionis
504 1144 552 1209 via
575 1144 747 1224 patefacta,
783 1144 935 1227 quomodo
958 1147 995 1210 iis
1019 1147 1160 1211 utendum
1182 1148 1220 1210 sii
1239 1147 1391 1230 inteiliga-

296 1256 354 1314 tur.
391 1249 507 1316 Etenim
534 1260 565 1315 ut
583 1258 711 1335 quantae
736 1255 774 1317 iis
800 1257 938 1320 intersint
955 1254 1177 1341 discrepantiae
1199 1257 1393 1339 complectar,

224 1435 227 1440 ,
295 1360 488 1442 Assyriorum
512 1362 687 1445 imperium,
723 1365 804 1448 quod
827 1366 926 1428 Ctesio
953 1373 1030 1431 teste
1052 1368 1117 1448 ptos
1146 1366 1225 1430 miile
1248 1347 1405 1436 trecentis

297 1471 384 1536 anuis
402 1473 495 1540 Asiae
519 1474 755 1539 dominationem
785 1477 879 1539 tenuit
901 1483 989 1558 atque
1009 1495 1091 1540 nono
1111 1496 1139 1540 a.
1176 1477 1244 1542 Cirr.
1266 1477 1390 1562 sacculo

296 1584 475 1668 exstinctum
501 1591 556 1663 est,
580 1586 747 1649 secundum
768 1587 954 1653 Herodotum
976 1588 1014 1652 ab
1039 1605 1119 1652 anno
1141 1588 1212 1650 inde
1238 1585 1324 1652 rats,
1340 1605 1395 1684 por

297 1689 358 1756 590
381 1685 494 1756 tantum
517 1711 615 1758 annos
629 1697 721 1760 Asiae
744 1700 906 1780 superiori,
928 1699 1043 1762 Baroso
1068 1705 1187 1779 autore,
1200 1704 1233 1760 ui
1254 1699 1290 1777 id·
1301 1716 1393 1780 prae·

295 1804 455 1885 cipiamos,
488 1806 645 1888 usquead
670 1825 697 1870 a.
721 1806 780 1871 747
805 1827 859 1890 per
882 1828 909 1872 a.
933 1809 994 1874 596
1013 1806 1161 1892 Babyloni
1182 1807 1393 1892 praefuit,·ex

296 1914 449 1996 utriusque
462 1916 634 1980 testimonio
648 1934 709 1981 non
728 1923 798 1980 ante
813 1919 932 1998 septimi
945 1920 1059 1980 saeculi
1073 1919 1162 1982 finem
1183 1933 1323 1984 eversum
1335 1925 1394 2000 est,

297 2025 401 2109 ltaque
425 2047 513 2111 quum
538 2035 643 2091 contra
680 2047 769 2092 unum
793 2026 925 2092 Ctesiam
957 2027 1090 2090 Berosus
1111 2034 1200 2108 atque
1221 2029 1392 2091 iterodotus

294 2138 448 2201 coniuncti
471 2139 596 2219 iaciant,
618 2139 702 2203 hisce
723 2138 757 2207 V.
769 2139 800 2203 Τ.
819 2154 940 2220 quoque
963 2137 1119 2218 autoritas,
1139 2133 1177 2200 eir
1198 2151 1258 2218 quo
1273 2134 1391 2218 Assyrii

294 2249 394 2313 octavi
415 2250 537 2312 saeculi
553 2264 645 2332 rages
667 2251 838 2330 innotuere,
855 2250 972 2332 imperii
989 2265 1063 2312 vero
1080 2249 1148 2312 duis
1168 2249 1296 2330 septimo
1319 2260 1391 2309 sae·
1442 2271 1445 2276 ·

293 2359 361 2423 cuio
382 2357 538 2442 adsignari
558 2359 686 2438 videtur,
712 2361 842 2424 aceedit.
885 2360 949 2435 Qua
972 2377 1012 2424 ex
1040 2361 1279 2442 comparatione,
1300 2374 1392 2438 prae-

293 2473 381 2552 cipue
403 2473 430 2534 si
454 2469 622 2536 Otraidaeas
654 2469 898 2552 israeliticasque
930 2469 1109 2534 traditiones
1141 2471 1171 2532 in
1206 2485 1244 2532 eo
1273 2483 1391 2551 quoque

292 2588 398 2645 contra
421 2581 501 2644 ilium
523 2583 697 2646 consentire
721 2582 921 2664 reputaveris,
942 2578 1024 2662 quod
1045 2597 1106 2643 non
1130 2579 1168 2641 ab
1185 2579 1319 2662 Assyriis
1330 2576 1392 2641 Ba-

291 2690 432 2773 byionem
453 2691 630 2782 conditam,
650 2691 707 2754 sed
729 2691 809 2754 hanc
831 2698 967 2773 tempore
998 2688 1091 2753 mutto
1114 2689 1298 2754 anteriorem
1321 2703 1392 2752 essa

292 2801 401 2866 Ninive
423 2800 576 2879 scierunt,
598 2814 688 2882 quum
711 2800 834 2866 dicatae
859 2800 935 2864 fides
964 2799 1022 2862 iam
1046 2800 1153 2863 mirum
1175 2804 1316 2880 quantum
1345 2799 1391 2860 in·

291 2911 463 2994 fringatur,
499 2919 617 2975 tument
643 2899 709 2974 eius
737 2912 884 2976 memoria
906 2913 971 2991 ipsa
993 2926 1054 2973 noo
1078 2910 1172 2972 semei
1194 2910 1276 2972 veris
1299 2908 1385 2972 iabu-

287 3021 334 3083 Ios
369 3037 436 3084 eum
471 3020 671 3084 admiscuisse
709 3019 901 3084 manifestum
935 3025 990 3080 est.
1044 3018 1162 3082 Etenim
1201 3035 1289 3099 quum
1329 3018 1388 3080 ianr

289 3148 401 3195 nomen
429 3130 498 3194 Nini
530 3131 568 3194 de
594 3129 653 3192 tide
689 3129 906 3194 dubitationem
929 3127 1055 3208 offerat,
1086 3127 1167 3212 qood
1197 3147 1237 3194 ex
1271 3143 1388 3209 cogno.

287 3224 369 3330 mine
390 3241 466 3304 urba
493 3241 548 3304 tibi
569 3239 756 3321 persuadeas
794 3238 1011 3302 conformatum
1043 3255 1115 3304 asse
1133 3246 1181 3319 ¹),
1215 3245 1274 3302 tum
1297 3254 1389 3319 pror·

290 3370 343 3417 sus
366 3350 504 3415 fabulosa
540 3348 660 3412 indoles
696 3350 887 3414 matrimonio
911 3350 977 3412 eius
1000 3366 1066 3413 cum
1095 3347 1292 3415 Samiramide
1314 3348 1390 3413 inito

288 3461 450 3541 inhaeret,
480 3477 557 3541 quac
581 3460 671 3540 ipsa,
712 3477 801 3541 quum
826 3477 934 3540 magna
959 3460 1125 3534 fabularum
1155 3461 1204 3524 uis
1221 3477 1260 3522 ex
1281 3461 1389 3524 Astur.

289 3579 336 3636 tes
357 3579 387 3634 et
421 3576 527 3633 natura
565 3575 594 3632 et
626 3569 706 3632 cuitu
739 3571 894 3651 desumpta
917 3572 947 3633 in
972 3588 1038 3634 eam
1069 3567 1176 3639 coitate
1207 3572 1387 3649 inveniatur,

290 3684 329 3746 ab
350 3683 400 3746 iila
421 3682 542 3745 diversa
572 3698 633 3743 non
657 3697 730 3744 csse
759 3681 881 3746 videtur
893 3687 933 3762 2).
990 3681 1077 3756 Quod
1104 3681 1246 3746 iudicium
1270 3680 1386 3763 iosephi

291 3795 329 3859 de
352 3791 467 3856 Beroso
490 3793 662 3856 testimonio
687 3800 732 3871 (c.
758 3793 815 3876 Ap.
841 3793 863 3868 i,
888 3792 966 3872 QOJ:
1006 3793 1114 3855 Teisa
1134 3782 1307 3874 pio-adm
1327 3801 1384 3868 (so.

201 3935 208 3944 ·
287 3907 437 3984 Berosus)
460 3898 650 3988 iosippus..
674 3901 734 3967 ,tr
754 3905 795 3988 τῇ
820 3904 907 3990 τρίτῃ
929 3904 1028 3989 βίβλῳ
1051 3902 1114 3965 raia
1134 3904 1337 3988 Χαλδαϊκῶν,
1355 3904 1387 3967 a’v

286 4001 308 4104 ᾖ
328 4015 491 4100 μέμφεται
514 4019 579 4089 τοῖς
605 4010 795 4098 Ἑλληνικοῖς
819 4014 1056 4098 συγγραφεῦσιν
1079 4011 1122 4087 (ὃς
1151 4010 1252 4098 μάτην
1286 4014 1389 4095 οἰομέ.

292 4177 578 4207 m.

343 4303 369 4379 1)
390 4300 424 4353 ci.
442 4281 553 4388 iduvars}
573 4295 730 4350 Phoeniciar
749 4291 810 4382 ip·¹
826 4285 880 4350 468
898 4310 937 4363 sq.

344 4399 376 4472 2)
395 4397 437 4451 ci.¹
453 4397 555 4450 iterem
572 4409 599 4464 p,
618 4389 670 4448 ost
689 4406 730 4462 aq.
