3210 5012
733 435 981 510 -u-

309 632 355 694 tot
376 627 443 693 dies
471 631 612 712 curuos
643 647 770 696 servare
799 629 1018 704 caabroonium·
1038 630 1158 712 iussin,
1178 629 1252 711 illis,
1288 628 1315 695 si
1337 651 1402 696 earn

308 757 397 822 wan
410 741 491 808 LXX
506 742 687 824 scripturam
700 739 845 805 exhibent
856 742 1020 825 sequimur,
1045 740 1129 806 exilii
1152 758 1249 806 annos
1270 741 1341 820 150,
1357 739 1405 804 bis

305 848 347 914 40
377 849 514 918 tribuere
540 851 668 914 videtur.
718 851 797 915 llinc
824 851 980 932 proiectus
1007 852 1165 924 llorersus
1188 850 1241 929 (ll,
1271 854 1297 928 l,
1326 848 1401 930 164)

306 960 438 1026 eundem
459 959 579 1042 utrique
600 959 748 1041 supplicio
769 959 858 1024 finem
880 977 951 1024 esse
972 967 1067 1037 ratus,
1090 978 1170 1036 eum,
1192 960 1281 1024 annis
1302 957 1343 1023 40
1366 977 1405 1022 ex

306 1085 415 1135 versos
429 1068 518 1150 prirni
529 1068 682 1131 sententis
695 1068 733 1131 ab
744 1085 825 1132 anno
840 1067 913 1147 589,
933 1084 992 1149 quo
1006 1068 1219 1151 Hierosolyma
1241 1068 1405 1133 obsidione

311 1177 411 1242 cincta
432 1182 512 1256 sunt,
535 1175 715 1255 subductis,
752 1176 784 1240 in
809 1194 890 1240 anno
923 1183 993 1242 aute
1015 1177 1085 1242 Chr.
1110 1178 1196 1260 ponit
1216 1177 1288 1256 utu,
1312 1179 1354 1241 ita
1375 1184 1408 1240 ut

303 1286 463 1353 israelitici
475 1285 595 1368 imperii
618 1284 740 1349 eversio
763 1303 844 1351 anno
866 1286 1403 1367 incidatd99(549÷150=699),

303 1395 355 1480 gui
376 1411 444 1458 cunr
466 1395 578 1460 ceteris
599 1394 659 1460 illis
683 1392 808 1458 calculis
829 1412 954 1475 prorsus
977 1397 1156 1461 concordat.
1190 1399 1276 1473 uuae
1291 1400 1404 1477 omnia,

302 1504 330 1570 si
353 1504 535 1568 dubitationi
545 1505 645 1569 locum
657 1521 721 1567 non
738 1502 856 1581 darent,
879 1504 1056 1585 prophetam
1078 1505 1187 1570 alibro
1199 1508 1316 1590 Regum
1339 1508 1406 1572 dis-

304 1614 420 1682 sentire
440 1613 683 1692 eoncedendum,
708 1630 810 1696 neque
827 1619 928 1678 turnen
946 1618 1028 1678 tanta
1047 1613 1076 1678 ei
1093 1615 1229 1698 gravitas
1242 1617 1404 1681 tribuenda

305 1729 397 1803 esset,
421 1728 455 1786 ut
475 1727 583 1787 cunno
603 1722 839 1806 Babyloniorum
862 1729 893 1786 et
905 1723 1125 1808 Aegyptiorum
1143 1724 1400 1792 aurelianense-

303 1831 441 1902 oordiam
462 1831 624 1914 quidquam
646 1832 751 1897 valere
772 1837 937 1912 putaretur.
981 1832 1041 1898 Sed
1071 1833 1141 1917 quia
1168 1851 1228 1904 nec
1250 1834 1400 1917 obesiore

302 1942 384 2010 idem
405 1942 527 2024 utrique
548 1942 641 2006 exilio
673 1941 821 2004 terminus
843 1943 1019 2024 assignetur
1044 1944 1247 2026 intelligitur,
1270 1951 1303 2009 et
1325 1959 1405 2026 quae

303 2052 335 2118 in
343 2051 492 2120 Hebraeis
504 2050 651 2133 exemplis
667 2050 830 2118 exhibetur
842 2067 991 2114 annorum
1010 2049 1073 2116 430
1095 2068 1212 2114 summa
1227 2069 1402 2120 5orreorum

294 2141 526 2229 'annommteo
547 2159 911 2242 congnationeantime
932 2157 1101 2239 explicatur
1114 2164 1157 2240 ¹),‘
1180 2174 1257 2238 quos
1278 2157 1403 2224 Israeli-

300 2276 348 2336 tss
375 2271 408 2334 in
426 2269 570 2352 Aegypto
593 2271 719 2356 degisse
748 2270 828 2334 liber
846 2267 925 2334 alter
949 2266 1044 2332 idosis
1062 2265 1211 2347 (tinio)
1229 2267 1316 2336 testu
1340 2273 1398 2347 est,

299 2385 414 2446 certum
437 2379 556 2446 incerto
577 2377 812 2461 praeterendum
830 2395 901 2442 esse
919 2375 1049 2442 videtur.
1249 2391 1252 2399 ·
1326 2395 1328 2402 ·

398 2491 485 2564 Quae
507 2492 612 2556 omnia
636 2505 727 2570 guum
748 2483 789 2550 ita
809 2484 887 2564 sint,
910 2501 1059 2548 annorum
1078 2483 1228 2556 blanassis
1244 2483 1334 2566 regni
1353 2484 1394 2548 55

297 2599 476 2681 motatione,
500 2595 888 2682 qoem.-oostttietutnion
906 2592 1322 2673 Moversus,Scheucbzerus
1348 2601 1397 2658 at-

299 2728 358 2794 que
383 2706 588 2790 Gumpsohius
603 2711 633 2784 ²)
663 2710 911 2787 proposuerunt,
934 2720 992 2768 nos
1012 2719 1077 2765 non
1093 2687 1289 2784 indigenas.
1334 2703 1397 2768 ue-

297 2828 397 2896 terum
416 2825 450 2884 ut
467 2815 605 2898 Berosi„
624 2816 660 2878 V.
684 2815 717 2878 T.
748 2821 781 2876 ct
800 2813 971 2878 l’tolernaei
1000 2812 1334 2879 canonisconsensurn
1363 2813 1414 2912 in

298 2949 360 3000 utro
384 2933 553 3012 conspedu
567 2924 713 2992 contueri
733 2923 846 3005 possis,
866 2923 947 2986 bano
967 2922 1101 2988 tabulam
1116 2921 1318 2988 subiecimus:

361 3240 388 3311 1)
409 3235 450 3289 ci.
470 3234 560 3306 liitsig
580 3233 626 3284 der
644 3230 757 3304 Propbet
775 3227 902 3282 Ezechiel
921 3243 946 3296 p.
967 3227 1002 3284 30
1020 3244 1058 3298 sq.

352 3337 381 3406 2)
401 3333 429 3386 t.
449 3347 470 3392 s.
490 3347 517 3400 p.
537 3329 581 3384 98.
623 3328 687 3382 den
715 3341 791 3396 qussn
816 3325 946 3379 lubricum
965 3323 1031 3377 illud
1049 3324 1099 3391 sit,
1128 3323 1249 3394 quodid
1268 3337 1393 3376 sonorum

401 3443 510 3501 regnum
523 3426 629 3496 longius
649 3439 708 3478 esse
719 3421 893 3489 confirmetur,
913 3437 988 3491 quern
1007 3421 1076 3490 qood
1094 3423 1151 3493 regi
1162 3426 1240 3490 quest
1256 3417 1394 3491 assignari,

402 3528 445 3579 eui
471 3539 596 3579 suuoronr
615 3525 650 3580 22
669 3522 738 3576 lilios
758 3520 930 3588 successerit,
948 3521 993 3573 vix
1012 3525 1053 3572 est
1074 3519 1143 3587 quod
1159 3523 1304 3571 moueatur.
