3210 5012
615 423 865 496 ..13-

199 607 315 674 storias
330 613 481 674 momenta
496 608 527 674 id
546 609 628 692 quod
649 611 761 692 primus
773 612 805 680 c.
819 609 1208 693 ltnellerusobserusaiv)
1225 629 1294 681 eun

201 717 317 782 duabus
345 721 425 784 aeris
457 720 535 801 apud
558 720 694 784 Graecus
716 722 781 785 iere
801 722 1008 786 celeberrimis
1031 728 1295 804 connecterentur,

201 844 255 892 eas
284 834 383 892 autem
405 828 630 912 chronographi
658 848 712 895 sua
734 832 860 912 quisque
882 833 999 896 rationo
1022 830 1180 898 delinirent
1202 838 1292 914 atque

199 944 307 1018 postea
328 939 457 1003 studium
474 956 580 1004 omnes
594 939 727 1005 calculos
747 941 784 1004 sd
807 941 984 1006 biblicorum
1006 947 1173 1023 temporum
1193 957 1295 1009 ornus-

161 1117 163 1120 ,
198 1049 256 1110 sim
282 1047 433 1131 dirigendi
467 1048 654 1128 accederet,
687 1049 735 1113 bis
755 1051 893 1116 omnibus
921 1050 1065 1132 plurimae
1099 1066 1293 1122 numerorum

202 1155 446 1240 discrepantiae,
480 1177 558 1242 quae
578 1159 697 1224 Ctesias
718 1162 815 1244 iisque
835 1163 885 1242 qni
911 1162 1046 1244 vestigiis
1067 1161 1132 1227 eius
1158 1159 1295 1232 institero

199 1267 409 1347 intercedunt,
438 1276 525 1334 ortse
545 1278 624 1334 sunt.
677 1271 753 1334 llinc
776 1273 855 1336 enim
878 1271 1087 1353 explicandum
1111 1276 1182 1346 est,
1214 1269 1296 1352 quod

200 1378 299 1442 eidem
322 1397 404 1444 anno
427 1380 489 1444 843
509 1381 575 1456 (rel
597 1380 675 1461 840)
702 1400 762 1465 quo
785 1400 825 1448 ex
849 1383 1036 1464 quorundum
1059 1379 1209 1447 sententia
1229 1379 1293 1462 Ly,-

201 1505 325 1571 curgum
362 1488 447 1572 leges
490 1489 595 1556 tulisse
623 1510 663 1556 ex
695 1491 811 1557 Velleio
846 1491 1001 1559 Paterculo
1031 1491 1067 1568 (l.
1088 1502 1134 1571 c.)
1167 1497 1295 1570 coastat,

199 1605 319 1679 praeter
337 1600 515 1684 Abydenum
533 1607 562 1678 2)
584 1621 620 1666 ac
637 1603 768 1668 tortasse
782 1600 939 1664 Aemilium
961 1617 1082 1683 quoque
1100 1601 1206 1668 Suram
1216 1603 1246 1680 ³)
1264 1605 1295 1667 ut

199 1707 329 1774 Velleius
373 1717 403 1774 et
439 1711 546 1776 Castor
568 1714 602 1787 1)
635 1711 759 1775 Nicives
789 1710 1014 1792 adscripserunt
1049 1710 1292 1790 exstinctionem,

200 1837 378 1901 quamquem
407 1822 561 1902 imperinm
596 1823 693 1901 ipsum
717 1821 824 1885 Castor
854 1839 999 1895 annorum
1025 1822 1129 1902 1280,
1159 1820 1290 1887 ll-cltcius

196 1945 344 1992 annorum
367 1936 477 1994 tantum
512 1930 591 1995 10711
624 1931 719 1995 tuisse
747 1933 858 2006 statuit.
910 1932 967 2007 Qui
996 1933 1113 1996 numeri
1139 1938 1235 1996 utrum
1254 1949 1293 1996 ex

196 2039 311 2120 cyclis,
340 2040 421 2122 quod
443 2042 573 2122 probare
594 2042 693 2106 studet
714 2042 747 2104 G.
770 2042 929 2106 Muellerus
955 2047 1005 2125 ⁵),
1038 2042 1200 2123 compositi
1230 2041 1290 2106 sint

197 2165 319 2224 necne,
349 2152 379 2214 iu
402 2152 493 2214 dubio
512 2151 691 2232 linquimus,
716 2154 754 2214 de
777 2150 918 2233 syncello
955 2153 1006 2216 vix
1028 2152 1172 2218 lluetuare
1193 2159 1294 2233 potest

198 2256 350 2320 iudicium.
410 2257 466 2332 Qui
497 2275 586 2339 quum
616 2278 645 2322 a.
670 2258 750 2323 1460
781 2262 908 2341 spatium
936 2263 1062 2342 imperio
1096 2261 1233 2327 tribuerit
1262 2270 1294 2329 et

199 2367 344 2448 pleraque
366 2367 487 2429 momine
509 2369 659 2450 Aegyptia
684 2369 777 2431 seriei
798 2371 995 2434 immiscuerit
1013 2372 1215 2452 scriptorem,
1239 2374 1291 2453 qul

196 2477 227 2540 in
257 2477 465 2558 expendendis
501 2478 684 2560 temporibus
706 2481 842 2561 Assyriis
875 2482 1000 2562 spatium
1030 2481 1203 2549 caniculare
1235 2500 1294 2546 ex.-
1427 2484 1432 2493 “

197 2587 327 2668 pressit,
357 2596 500 2670 sequutus
522 2606 592 2652 esse
612 2589 738 2653 videtur.
776 2590 840 2654 Nec
863 2607 922 2671 qua
942 2607 976 2652 re
997 2596 1150 2672 permotus
1172 2591 1292 2657 ctesias

198 2714 340 2760 numeros
364 2714 440 2779 quos
472 2701 625 2764 sceleris
657 2699 828 2762 imminutos
850 2715 920 2764 csse
942 2699 1098 2778 videmus,
1125 2717 1202 2766 uuus
1234 2701 1292 2768 sd·

196 2813 304 2872 anctos
325 2805 487 2889 exhibeat,
507 2808 588 2873 latet.
634 2808 708 2872 llam
731 2826 819 2892 quum
843 2826 883 2871 er
904 2808 1141 2876 christianorum.
1155 2809 1291 2877 chrono-

197 2919 381 3003 graphorum
409 2936 495 2982 more
517 2936 627 2984 annum
651 2917 752 2984 XLlll.
795 2919 864 2982 Nini
886 2920 1012 3000 primum
1031 2937 1102 2984 esse
1125 2921 1289 2988 Abrabami

197 3047 326 3112 eumque
348 3047 428 3093 anno
450 3030 552 3094 mundi
574 3029 657 3095 3313
678 3029 813 3094 incidere
837 3035 1004 3110 statueret,
1038 3031 1098 3096 ism
1122 3031 1289 3110 intersum

196 3148 439 3223 postremumque
460 3160 488 3204 a.
510 3142 706 3222 Sardanapali
729 3157 817 3222 quem
846 3140 876 3204 in
900 3159 980 3206 anno
1012 3143 1084 3223 poni
1107 3141 1168 3208 827
1190 3142 1290 3222 (4676

198 3270 227 3316 a.
247 3251 364 3328 muudi)
389 3251 438 3314 eni
460 3249 659 3314 Callimachus
674 3252 703 3328 ὀ)
726 3268 827 3314 aeram
852 3250 981 3335 Lycurgi
1003 3252 1178 3335 assignavit,
1200 3271 1289 3334 repe.

198 3367 304 3441 rorat,
340 3377 487 3425 annorum
524 3357 603 3422 1363
625 3360 750 3440 spatium
783 3361 979 3426 efficiebatur.
1022 3361 1136 3440 Quibus
1165 3363 1288 3431 calculis

197 3487 283 3551 quem
306 3479 373 3554 apte
398 3471 471 3534 illud
490 3476 690 3534 commentum
713 3473 963 3553 conveniatque
987 3478 1020 3535 ul
1040 3490 1186 3538 annorum
1208 3473 1288 3545 14611

249 3686 275 3750 1)
296 3681 398 3752 Fragm.
419 3684 535 3738 clrrcncl.
556 3685 597 3743 cd.
618 3684 647 3738 G.
659 3683 780 3739 bluellcr.
800 3683 927 3738 Herodoti
945 3683 1102 3756 Ctesiaequc
1122 3685 1214 3757 tragus.
1229 3685 1288 3738 edi·

294 3782 359 3834 ticni
377 3783 477 3836 adnexa
494 3799 521 3851 p.
542 3782 592 3836 133
612 3790 639 3835 et
659 3781 717 3837 169.

247 3880 275 3949 2)
295 3879 330 3932 el.
351 3877 448 3932 Eusab.
470 3878 511 3932 ad.
532 3876 699 3948 metipso.
839 3888 854 3928 Δ1
881 3921 884 3928 .
1033 3921 1037 3930 Δ

246 3975 276 4046 3)
296 3975 330 4028 cl.
349 3974 379 4027 G.
398 3974 507 4029 lluallsr
524 3975 542 4027 l.
562 3992 584 4028 s.
603 3991 627 4030 c.
648 3975 763 4029 Castoris
782 3975 830 4028 rel.
849 3992 876 4044 p.
896 3977 955 4030 lob.
1034 4020 1037 4026 .
1062 3981 1075 4027 .:

246 4073 276 4142 4)
295 4071 410 4126 (tutoris
429 4073 499 4128 enlm
519 4071 672 4126 laterculum
694 4073 722 4125 in
740 4074 869 4140 excerptis
893 4073 1032 4141 barbaris,
1063 4087 1175 4144 quorum
1194 4089 1284 4130 eram.

293 4169 365 4238 plum
382 4172 411 4222 iu
431 4169 547 4224 Eusebio
565 4169 695 4240 scutigeri
712 4170 810 4239 mbos,
830 4183 982 4238 expressam
998 4172 1187 4232 suavitatum.
1222 4195 1225 4220 ;

248 4266 277 4334 6)
295 4265 314 4317 l.
335 4283 358 4324 c.
376 4283 403 4335 p.
426 4267 475 4321 160
493 4283 534 4337 sq.

252 4363 283 4433 6)
303 4363 338 4416 el.
358 4365 468 4420 Unellsr
485 4365 505 4420 l.
525 4381 549 4419 c.
568 4382 594 4436 p.
614 4365 672 4422 134.
