3210 5012
662 404 709 434 ...
748 377 809 458 ¹qq
861 407 907 428 ..-

394 575 444 654 td
481 576 528 648 lle
542 572 758 648 monumentis
779 575 875 664 etque
889 573 1163 664 'inseriptlonilus

264 725 269 734 ⁰
332 746 383 808 llis
404 745 547 810 subsidiis
569 744 634 807 lere
657 744 794 808 instructi
824 743 929 824 luere,
955 742 1006 824 qui
1037 746 1107 805 ente
1128 741 1187 804 lios
1210 757 1328 804 novem

234 872 330 935 annos
348 857 540 938 Assyriorum
563 855 655 918 rebus
679 853 865 935 inquirendis
888 869 1010 934 operam
1033 851 1177 929 tribucre,
1198 849 1253 914 sod
1275 868 1330 914 nn.

235 983 273 1029 no
301 965 380 1030 1843
412 965 532 1030 ellossis
554 965 679 1029 Ninives
709 965 803 1028 ruinis
829 964 937 1030 denuo
965 962 1012 1026 his
1032 961 1329 1044 quaestionibusltur

234 1077 322 1140 elicto
347 1082 403 1140 est.
441 1076 625 1158 Quamquam
646 1081 793 1158 quotquot
811 1080 841 1136 et
864 1072 1084 1156 qualiacunque
1107 1072 1190 1152 ortis,
1212 1088 1328 1138 morum

231 1192 261 1247 et
282 1184 441 1270 religionis
462 1187 637 1251 testimonia
667 1185 739 1269 ipsis
768 1186 967 1249 monumentis
994 1181 1246 1265 suppeditantur,
1268 1200 1326 1246 ec-

233 1301 355 1358 curelee
377 1297 561 1380 singolorum
584 1313 683 1360 rerum
708 1294 908 1378 disquisitioni
936 1312 1045 1376 ,perum
1077 1290 1269 1356 emolumenti
1291 1309 1331 1358 ex

225 1407 268 1469 ¹iis
291 1425 413 1470 menore
446 1407 584 1488 videtur,
615 1409 683 1471 dum
709 1408 780 1489 quid
804 1405 967 1472 innumeris
997 1406 1096 1488 signis
1129 1403 1329 1488 imaginibus-

232 1535 291 1599 que
313 1517 390 1581 lictis
413 1519 600 1602 significetur
622 1517 704 1582 lutet.
761 1517 848 1594 Quod
871 1532 960 1598 quum
980 1514 1120 1598 legendis
1139 1520 1252 1580 tentum
1270 1533 1329 1580 cur

231 1628 328 1691 uentis
359 1630 604 1710 inscriptionibus
625 1628 796 1704 efficietur,
827 1625 857 1689 in
887 1625 945 1690 hec
976 1623 1097 1706 quidem
1130 1630 1195 1688 erte
1215 1624 1267 1688 vix
1288 1640 1328 1688 eo

229 1741 387 1824 progressi
425 1744 517 1818 sunt,
551 1744 584 1800 ut
604 1738 682 1802 certi
715 1735 874 1819 quidquem
904 1740 1022 1799 erutum
1048 1751 1118 1800 esse
1140 1739 1230 1816 queat
1253 1751 1330 1800 con·

229 1847 311 1910 tendi
330 1855 366 1926 ι).
417 1848 481 1913 lluc
503 1846 624 1910 accedit
643 1846 724 1930 qnod
760 1847 894 1928 plurimis
911 1846 1110 1928 Assyriorum
1136 1861 1242 1928 regum
1265 1860 1327 1908 ne-

230 1957 381 2034 minibus„
417 1963 449 2020 ut
484 1957 614 2036 legende
637 1975 673 2019 ec
702 1973 772 2021 esso
805 1957 1019 2034 confirmetur,
1056 1955 1220 2020 similitudo
1255 1972 1323 2026 cum

233 2067 289 2146 iis,
322 2084 399 2150 quoe
428 2068 499 2130 'sive
522 2067 707 2148 eeclesia,
737 2067 802 2130 sive
836 2084 875 2132 ex
896 2067 1067 2132 ueroseer
1095 2065 1128 2126 V.
1156 2063 1191 2127 Τ.
1228 2064 1322 2130 inno-

225 2182 320 2254 tuere,
339 2176 418 2240 nullu
441 2183 499 2254 est,
521 2178 561 2240 ito
588 2184 620 2243 ct
647 2181 731 2240 certa
759 2176 898 2255 indicia,
927 2175 1033 2258 quibus
1054 2175 1113 2238 nisi
1136 2191 1243 2239 eorum
1259 2192 1318 2239 no·-

227 2288 317 2345 tetem
338 2283 526 2363 definiemus,
548 2302 672 2366 prorsus
696 2285 803 2348 desini.
846 2285 921 2350 Nem
948 2302 1045 2368 nuper
1067 2283 1185 2350 demum
1200 2284 1325 2350 Sulmo-

228 2394 375 2474 cesseris,
393 2394 592 2460 Senechoribi
616 2401 646 2460 el
667 2395 914 2463 A'ssnrlmddonis
941 2396 1067 2462 annales
1088 2396 1147 2460 sibi
1168 2395 1252 2460 uisus
1278 2402 1325 2462 est

225 2498 397 2582 repperisse
420 2503 450 2559 et
467 2496 581 2580 legisse
603 2497 826 2564 liowlinsonus.
854 2499 929 2564 .Sed
948 2500 1121 2581 priusquam
1145 2499 1325 2580 inscriptio·

225 2623 294 2669 num
317 2607 535 2694 explicationes
556 2609 748 2693 attingemus,
769 2609 820 2674 ubi
843 2615 873 2672 ct
895 2627 914 2672 e
935 2607 1042 2691 quibus
1059 2614 1252 2672 monuments
1271 2606 1323 2674 ide

226 2717 255 2780 in
275 2717 372 2780 lucem
396 2718 478 2782 edita
499 2719 560 2782 sint
582 2725 760 2802 exponetur.

323 2825 411 2892 lnitio
430 2827 509 2891 enim
532 2846 560 2892 c.
587 2827 667 2895 1843
689 2847 777 2914 quum
799 2827 928 2907 Botte2)
952 2825 1083 2892 llossule
1106 2828 1228 2912 publico
1258 2847 1323 2896 mu-

275 3100 304 3166 ιι
324 3097 364 3154 u·
392 3099 525 3154 nominum
544 3097 650 3168 quidem
674 3097 852 3167 mpneeuen
870 3093 1057 3150 Romlinrenus
1088 3096 1212 3168 (sooner
1229 3097 1261 3152 οι
1276 3095 1322 3152 the

320 3194 422 3253 Arietis
440 3195 541 3262 society
562 3195 610 3250 llll
627 3195 730 3264 pete)
749 3195 808 3261 ipro
824 3193 894 3247 lruec
912 3193 1049 3248 conicum
1068 3201 1128 3248 ret:
1149 3194 1234 3262 ,tlreir
1252 3193 1320 3250 dod·

322 3293 376 3346 nite
389 3290 514 3360 phonetic
525 3291 668 3362 rendering
680 3306 711 3342 or
723 3291 940 3359 pronoueeiation
958 3291 981 3344 is
998 3298 1122 3366 amciter
1134 3291 1163 3346 ol
1175 3292 1322 3368 exceeding

322 3387 460 3456 dildcnlty,
480 3403 532 3456 nep
551 3402 580 3439 ns
598 3387 612 3440 l
631 3387 708 3440 think
726 3387 756 3439 oi
774 3388 894 3442 obsolute
913 3388 1118 3460 impossibilitp;
1143 3390 1321 3462 corrumpe,

321 3503 350 3538 cs
368 3489 388 3538 it
408 3501 468 3552 moy
486 3500 592 3558 appear,
613 3485 627 3538 l
646 3500 687 3537 om
706 3486 861 3552 conrineed‚
884 3487 939 3539 tlrnt
959 3486 1005 3539 the
1024 3486 1097 3555 carly
1117 3489 1257 3557 erepcione
1275 3487 1321 3542 did

322 3561 547 3655 notdistiuguielr
576 3584 645 3637 tlreir
664 3599 760 3654 proper
784 3599 874 3638 nomes
902 3585 999 3652 bytho
1018 3585 1123 3651 round,
1154 3586 1202 3638 but
1218 3584 1254 3654 by
1273 3583 1319 3639 tlrc

323 3695 417 3748 scere,
437 3681 495 3752 end¹
506 3681 562 3737 tlret
579 3683 600 3733 it
619 3696 675 3734 wne
693 3682 753 3735 thus
773 3681 915 3735 nlloweble
933 3683 960 3735 iu
978 3681 1098 3752 alluding
1118 3689 1144 3734 ιο
1164 3697 1180 3735 ο
1198 3681 1263 3753 lrlnq
1283 3683 1319 3751 by

323 3791 407 3844 neme,
427 3787 455 3830 ιο
475 3779 581 3849 employ
597 3794 741 3847 synonyme
766 3786 792 3832 ιο
812 3794 864 3848 eny
883 3786 974 3833 extent
996 3778 1117 3833 whether
1137 3779 1214 3833 thone
1234 3794 1318 3850 opno-

323 3887 398 3940 nyter
425 3891 500 3930 urere
529 3883 611 3932 termo
630 3875 813 3943 indifferently
844 3876 983 3946 employed
1009 3883 1035 3929 le
1054 3876 1150 3930 denote
1174 3875 1220 3930 tio
1246 3890 1318 3932 seme

322 3971 405 4038 min,
416 3987 446 4026 or
464 3973 585 4030 whether
602 3974 667 4042 tlreq
685 3985 758 4028 were
776 3973 897 4032 different
914 3974 1002 4027 werde
1017 3975 1082 4028 nuel
1099 3979 1126 4027 ιο
1143 3989 1252 4044 express
1273 3975 1319 4030 tlre

322 4082 394 4121 seme
411 4067 498 4122 idcn.''
511 4069 620 4129 fuum
639 4071 734 4140 quibus
754 4070 874 4124 conierere
892 4070 995 4124 llweldi
1009 4072 1223 4140 disputationem,
1240 4089 1317 4144 quum

320 4165 388 4218 inire
404 4165 520 4220 ederom.

277 4261 307 4332 2)
328 4262 429 4316 lettres
448 4263 482 4316 de
498 4263 533 4318 ll.
548 4263 623 4316 Βοιιι
640 4264 657 4318 d
675 4263 744 4319 ιιι.
765 4265 833 4322 lloil
853 4281 898 4324 rur
911 4281 957 4322 seo
976 4267 1148 4322 ddcourertee
1167 4267 1183 4322 l
1200 4267 1315 4325 diores.

319 4357 371 4414 bed
386 4362 448 4434 prds
467 4363 500 4418 de
513 4359 636 4418 llirrlrelt.
