3210 5012
612 423 860 498 ...ps-

189 615 293 691 osius,
317 608 394 676 deae
414 610 563 693 Syriacos
583 610 643 674 filia
667 609 817 676 Ascalone
839 607 990 687 oriundo,
1016 625 1033 670 a
1057 605 1204 673 columbis
1218 619 1287 687 pas-2

187 721 378 802 sloribusque
400 723 508 783 nutrire
532 727 563 782 et
584 719 712 783 educala
736 725 811 796 erat,
831 733 956 782 uxorem
979 717 1072 782 duxit.
1113 717 1167 796 Ea,
1186 731 1282 798 'quum

188 830 276 912 paolo
297 837 368 911 post
389 832 512 894 maritus
543 829 649 894 relicto
683 828 744 892 lrliu
778 829 933 910 impubere
956 829 1052 910 Ninya
1074 827 1220 904 obiisset,
1251 826 1284 890 iar

188 956 315 1022 rognum
337 941 495 1004 successit.
541 942 638 1021 Atque
668 939 792 1018 primum
813 936 932 1019 quidem
955 936 1138 1019 Babylonem
1168 936 1280 1004 condi·

190 1050 233 1114 dit
257 1065 423 1130 omoeoque
446 1048 562 1128 imperii
584 1047 759 1128 provincias
781 1046 880 1110 ubivis
901 1045 1102 1112 monumentis
1124 1043 1283 1126 operibus·
1324 1113 1328 1122 ,

190 1176 249 1240 quc
291 1157 456 1225 mullilariis
490 1157 604 1222 relictis
644 1157 835 1240 peragravit,
873 1155 1002 1238 denique
1034 1161 1103 1236 posi
1133 1153 1287 1221 infelicem·

191 1273 297 1334 contra
318 1267 527 1334 Slabrobolem
551 1266 691 1330 indorum
716 1283 820 1349 regem
851 1266 1095 1348 expeditionem,
1126 1264 1286 1331 sonuerim

192 1395 232 1442 cx
255 1378 409 1444 bominum
431 1384 596 1458 conspectu
617 1377 744 1455 sublata,
764 1382 795 1438 ut
816 1377 894 1440 lama
910 1375 1029 1440 iercbot
1050 1375 1088 1440 od
1110 1375 1186 1438 deos
1209 1391 1287 1438 euos¹

191 1486 274 1554 lavit.
321 1487 390 1552 Post
410 1488 637 1553 Semiramidem
658 1504 757 1569 neque
772 1487 897 1569 Ninyss,
919 1502 1018 1566 noque
1041 1483 1092 1566 qui
1114 1501 1181 1546 eum
1202 1485 1286 1550 eius·

191 1597 259 1660 dem
282 1596 411 1662 familiae
433 1614 525 1679 reges
546 1615 639 1680 usque
661 1596 700 1658 ad
722 1595 885 1660 Belocbum
902 1610 989 1674 quem
1002 1593 1153 1672 sorssors,
1176 1595 1282 1677 regio-

192 1723 258 1773 rum
281 1707 434 1772 borloruur
457 1705 630 1787 praefectus
650 1703 775 1785 imperio
798 1704 948 1784 privavit,
972 1704 1089 1788 sequuti
1110 1709 1195 1784 sunt,
1228 1720 1287 1766 ne-

190 1835 248 1898 que
278 1817 399 1884 alterius
421 1816 527 1880 domus
556 1816 708 1896 principes
739 1830 834 1894 usque
869 1815 907 1877 ad
930 1814 1115 1896 trigesimum
1139 1814 1290 1880 eundems

192 1945 250 2009 que
273 1928 404 1993 ultimum
427 1925 662 2005 Sardanapalum
695 1931 862 1988 memoratu
883 1925 967 2007 digni
994 1924 1153 2006 quidquam
1175 1942 1288 2007 gesse·

192 2044 271 2115 runt,
287 2037 343 2098 nisi
360 2035 440 2117 quod
461 2053 566 2100 omnes
581 2035 696 2117 ingenti
712 2035 835 2099 mollitie
852 2037 987 2117 insignes
1002 2035 1086 2100 luero
1102 2041 1190 2118 atque
1204 2035 1287 2100 Tetr-

191 2153 288 2215 lamus
309 2163 365 2212 rex
385 2146 549 2228 vigesimus
564 2146 651 2221 atter,
670 2164 759 2227 quum
780 2147 845 2226 plus
864 2144 943 2208 mille
964 2146 1051 2210 annis
1066 2145 1182 2228 Assyrii
1193 2146 1288 2210 dsioe

192 2255 350 2334 imperium
370 2255 580 2329 obtinuissem,
602 2253 739 2317 Troianis
759 2260 865 2318 conire
883 2255 1021 2320 Graecos
1041 2257 1206 2320 exercitum
1228 2271 1286 2318 au·

191 2363 264 2429 xiiio
287 2363 368 2428 misit
388 2363 644 2431 ducellemnonc.
672 2363 732 2428 Sub
757 2362 1012 2430 effeminatissimo
1032 2365 1163 2447 denique
1185 2366 1287 2430 omni«

190 2490 241 2538 um
261 2472 468 2553 Sardanapalo
492 2472 629 2536 Arbaces
654 2473 751 2538 ldcdis
785 2475 958 2555 praelectus
980 2482 1013 2540 et
1031 2473 1156 2556 Belesys
1189 2477 1289 2557 impe-

192 2591 275 2650 rator
288 2582 521 2664 Babyloniorum
543 2582 716 2648 delectione
738 2591 844 2666 parate
866 2585 1036 2650 coniunctis
1057 2583 1171 2651 viribus
1187 2587 1289 2668 Assya

192 2698 266 2760 riam
289 2695 427 2776 aggressi
448 2693 553 2758 Ninum
577 2694 667 2758 tertio
685 2695 855 2760 obsidionis
875 2711 955 2760 anuo
977 2701 1194 2779 expugnarunt
1218 2696 1286 2772 Quo

190 2801 272 2868 iacto
295 2802 353 2868 isle
374 2807 526 2866 exstructa
549 2803 735 2884 incensaque
756 2820 830 2886 pyra
853 2821 920 2868 cum
946 2803 1059 2870 divitiis
1081 2805 1143 2870 sois
1162 2821 1233 2870 sese
1254 2806 1284 2870 in

192 2909 364 2977 incendium
386 2911 484 2991 misit,
514 2917 606 2993 alque
629 2914 820 2995 Assyriorum
845 2914 1002 2994 imperium
1026 2920 1182 2995 postquam
1207 2914 1290 2984 mile

189 3024 343 3084 trecentos
368 3037 424 3084 sex
438 3027 465 3098 ¹)
486 3039 585 3086 annos
605 3029 748 3103 steterat,
771 3024 810 3088 ad
834 3023 941 3086 blcdos
962 3025 1091 3088 transiit.

294 3128 414 3195 (lissiae
442 3130 576 3198 calculos
611 3135 653 3196 ila
675 3133 830 3213 bucusque
859 3130 925 3196 fere
951 3149 1057 3198 omnes
1085 3131 1289 3201 adumbrave-

189 3247 278 3317 mni,
306 3246 339 3304 ut
362 3239 400 3304 ab
421 3257 503 3304 anuo
524 3242 652 3321 proiecti
675 3243 737 3306 559
759 3259 818 3321 quo
840 3241 996 3307 Medorum
1016 3245 1171 3325 imperium
1196 3263 1288 3309 erer-

192 3366 256 3414 sum
292 3367 361 3414 esse
394 3349 510 3430 plurimi
544 3356 698 3430 statuunt,
735 3351 842 3417 additis
876 3355 962 3418 annis
985 3353 1140 3420 medorum
1172 3356 1287 3436 princi-

189 3465 275 3539 patus
297 3459 356 3523 317
379 3465 512 3540 quotes
538 3457 645 3524 Cnidio
668 3460 755 3525 unius
786 3467 897 3526 lantum
925 3463 1069 3545 Astyagis
1092 3465 1181 3547 regni
1211 3482 1292 3548 spa...

190 3571 231 3634 tio
252 3587 291 3632 ex
313 3571 466 3636 llerodoto
486 3571 622 3652 suppleto
644 3589 754 3636 eruere
775 3571 857 3651 licet,
878 3589 987 3640 annum
1008 3576 1132 3654 primum
1156 3575 1286 3640 orbacis

189 3697 270 3744 anno
287 3679 349 3743 876
370 3688 459 3762 atque
482 3683 607 3762 primum
630 3681 698 3745 Nini
722 3700 751 3745 a.
777 3682 859 3746 9189
878 3683 957 3761 (876
976 3700 1005 3756 ÷
1030 3683 1109 3749 1306
1128 3713 1160 3740 =
1183 3685 1281 3762 9189)

190 3867 481 3879 -ι-*σ*

240 3971 266 4038 1)
287 3966 322 4018 cl.
343 3965 420 4032 Syoc.
440 3981 466 4034 p.
483 3961 535 4020 ori
555 3966 596 4021 etl.
616 3967 700 4022 Bona.
718 3974 747 4022 sl
762 3969 901 4036 syrrhis:
919 3969 951 4034 ir,
973 3969 1008 4024 98
1033 3985 1060 4037 p·
1082 3969 1132 4022 190
1152 3967 1194 4020 od.
1213 3967 1278 4022 llis-

284 4062 351 4116 bubr
372 4069 399 4114 sl
412 4063 524 4132 August.
545 4063 602 4115 Gir.
626 4063 656 4115 o.
679 4063 720 4130 18,
739 4067 772 4117 91
800 4080 955 4136 quamquam
972 4068 996 4118 is
1014 4079 1067 4118 uno
1085 4077 1154 4118 anno
1172 4066 1275 4120 recedit

291 4174 397 4214 arere.
441 4157 507 4212 liam
529 4160 598 4228 quod
632 4160 712 4214 babet
732 4160 862 4216 Diodorus
881 4161 918 4229 11,
937 4163 971 4216 99
1000 4161 1033 4216 ad
1059 4179 1085 4216 r.
1109 4164 1199 4218 unsre
1223 4165 1279 4221 scir

288 4259 387 4328 ysitus
404 4260 452 4312 ael
470 4263 644 4328 consenior
657 4257 858 4314 additamentum
878 4261 920 4317 irc
935 4259 1104 4329 d'iirirrom
1121 4271 1174 4315 rori
1192 4265 1280 4332 potest

293 4367 346 4410 ιοι
364 4352 495 4426 glum
513 4367 581 4412 arra.
