3210 5012
634 441 880 517 ..ῦῇ-

208 653 298 722 gnam
307 633 527 715 Asiaepmtem
536 629 749 713 sibiAssyrios
760 629 934 707 subdidisse
942 627 1309 713 regnuntosemiramide.

210 745 297 822 Quod
317 745 345 808 si
373 744 490 808 ctesias
516 740 798 809 exeunto'sueonlo
815 740 975 824 vigesimo·
988 740 1085 808 attere
1109 739 1260 804 aooidisse
1282 744 1313 801 et

210 853 334 922 saeouto
363 870 446 918 nono
479 852 637 933 imperium
657 850 952 928 refertinteniias'e,·
965 849 1058 916 id·²ex
1078 849 1214 914 tenuius
1234 848 1313 914 hau·-

209 966 258 1043 sit‚
281 965 313 1026 in
337 963 444 1044 quibus
469 963 569 1029 minus
581 960 825 1041 resitutionem
848 961 889 1026 ei
902 959 1218 1040 studiuprospeotum
1240 959 1307 1038 iuit‚

208 1072 290 1155 quod
308 1089 475 1156 regnorum
493 1072 580 1135 initia
594 1077 629 1133 et
640 1070 813 1151 antiquiora
829 1076 860 1133 et
871 1070 1049 1152 augustiora
1063 1067 1197 1134 reddere
1210 1069 1306 1148 soleta

210 1182 290 1264 quod
312 1181 433 1262 quidem
453 1181 506 1252 illo
534 1181 605 1244 loeo
629 1180 663 1244 in
683 1179 840 1262 Assyrium
864 1179 1004 1260 proximo
1029 1180 1061 1241 in
1082 1179 1312 1261 Medos'cadim

209 1292 259 1375 qui
271 1291 369 1372 primo
391 1309 471 1374 rege¹
490 1308 525 1356 se
550 1308 613 1354 non
635 1290 805 1358 libertatem
829 1295 943 1354 tantum
955 1288 1083 1372 adeptos
1097 1303 1203 1356 verum
1218 1289 1312 1354 etiam

209 1403 410 1486 Assyriorum
431 1401 559 1482 imperio
581 1400 789 1488 petitusresse
809 1401 981 1466 tradebant
1022 1399 1110 1464 Hine·
1126 1406 1223 1466 or'uun
1245 1401 1316 1465 iue-

209 1514 259 1593 rit,
294 1520 326 1576 ut
349 1513 409 1576 duo
440 1517 560 1593 eventa,
595 1530 721 1593 quorum
751 1510 879 1576 alterum
902 1529 929 1574 a.
954 1510 1015 1575 753
1042 1508 1170 1588 alterum
1198 1515 1229 1574 aL
1249 1511 1311 1580 606

209 1623 363 1690 accidisse
385 1623 524 1700 constat,
555 1623 828 1704 coniungerentur,
850 1638 977 1702 quorum
998 1625 1157 1702 utrumque
1179 1620 1307 1701 Ctesias,

215 1715 333 1798 neuter
371 1731 491 1814 imperii
531 1731 629 1812 spatio
658 1731 735 1794 mira
768 1729 936 1812 producto,
971 1749 1038 1794 cum
1073 1730 1207 1816 Lycurgi
1238 1749 1312 1796 aera

211 1843 319 1906 neseio
342 1861 402 1924 quo
426 1857 533 1903 errore
565 1840 709 1904 seductus
730 1841 920 1922 'composuit
965 1842 1050 1917 Quae
1071 1847 1224 1924 uteunque
1242 1859 1313 1906 sese

216 1953 339 2030 habent,
362 1945 394 2013 id
414 1950 577 2014 tenendum
593 1958 640 2016 est
655 1969 714 2014 neo
725 1952 851 2016 saeculo
863 1969 946 2015 nono
962 1952 1122 2034 imperium
1137 1951 1304 2031 interiisse,

209 2078 269 2122 uec
294 2078 312 2123 a
335 2059 460 2124 saeculo
493 2059 565 2122 inde
587 2061 739 2143 vigesimo
757 2060 854 2125 altero
874 2077 971 2140 usque
993 2059 1032 2122 ad
1052 2078 1080 2121 a.
1098 2059 1176 2124 1273
1200 2065 1312 2122 tantum

212 2168 287 2230 iilud
301 2168 408 2244 fuisse,
431 2175 573 2246 quantum
586 2169 685 2231 visum
697 2175 744 2231 est
756 2167 879 2246 cnidi03
900 2169 991 2230 immo
1007 2168 1144 2251 angustis
1157 2187 1194 2232 ea
1210 2174 1311 2232 aetate

210 2275 320 2340 finibus
335 2276 598 2356 circumscriptum
610 2276 705 2340 fuisse
718 2283 748 2339 et
758 2276 891 2340 Berosus
904 2263 961 2353 (oi.
970 2294 997 2340 s.
1013 2295 1041 2357 p.
1053 2278 1119 2357 17),
1132 2277 1183 2359 qui
1192 2278 1313 2342 Arabes

213 2393 244 2449 et
258 2384 431 2450 Chaldaeos
444 2391 505 2448 tum
525 2385 671 2466 temporis
684 2386 833 2468 Babyloni
849 2386 945 2450 reiert
956 2387 1135 2468 imperasse,
1150 2393 1180 2451 et
1197 2388 1315 2452 inscri-

212 2495 334 2576 ptiones
345 2494 519 2576 Aegyptiae
534 2501 572 2573 1),
595 2511 674 2576 quae
684 2501 755 2577 post
768 2493 925 2558 Tothmem
941 2494 983 2558 lii
993 2494 1096 2576 plures
1120 2493 1315 2579 duodevige-

216 2603 313 2666 simae
338 2608 369 2664 et
387 2601 641 2688 undevigesimae
669 2604 828 2687 dynastiae
852 2609 882 2684 ²)
904 2585 1009 2688 reges,
1036 2621 1164 2685 quorum
1195 2605 1316 2671 ultimus

214 2711 271 2774 fuit
291 2711 456 2776 Ramesses
478 2714 504 2777 11
537 2714 605 2790 (ei.
627 2714 687 2777 los.
714 2733 741 2778 o.
772 2713 830 2795 Ap.
853 2709 876 2794 Ι,
905 2716 980 2794 15),
1007 2714 1038 2778 in
1065 2715 1314 2797 Mesopotamiam

214 2837 311 2904 usque
338 2823 514 2888 excessisse
533 2828 693 2887 testantur.
748 2823 813 2886 Neo
844 2841 910 2888 earn
944 2824 1077 2906 denique
1107 2813 1237 2889 aetatem
1269 2843 1308 2890 ex

215 2930 337 2994 etesiae
361 2931 488 2996 calculis
509 2933 604 2997 Ninus
627 2933 757 3017 attingit,
779 2951 838 3016 qua
859 2933 1001 2998 Manetho
1016 2934 1215 3018 Assyriorum
1238 2953 1312 3018 opes

218 3058 408 3125 magnopere
428 3044 571 3110 floruisse
593 3046 680 3110 testis
708 3050 755 3108 est
780 3047 817 3120 ³).
870 3045 955 3118 Quae
976 3062 1065 3127 quum
1086 3045 1128 3110 ita
1150 3046 1220 3126 sint,
1244 3048 1317 3129 quid

218 3150 256 3213 de
274 3155 337 3213 tota
360 3149 418 3213 ista
439 3151 520 3216 inter
542 3153 653 3217 Ninum
675 3152 902 3234 Belochumque
932 3171 1041 3238 regum
1069 3154 1151 3219 serie
1177 3162 1315 3220 statuen-

226 3347 510 3362 *—

232 3451 235 3454 ’
276 3461 302 3529 i)
321 3459 361 3513 cr.
382 3461 462 3514 Bireh
481 3461 667 3516 observatione
696 3478 729 3515 ou
756 3463 801 3516 the
826 3463 963 3516 stetistieal
987 3463 1077 3518 Tables
1104 3465 1134 3518 oi
1157 3467 1259 3519 uarum
1286 3469 1314 3520 in

319 3556 392 3611 Aetia
412 3559 503 3612 saciet.
522 3560 602 3630 Angl.
621 3561 703 3631 Arist.
722 3560 776 3614 vol.
793 3560 820 3651 ,ΙΙ
840 3565 919 3653 (aeuy⁸
933 3560 1027 3633 aemes)
1045 3561 1184 3632 p.345sq.

273 3671 302 3744 2)
320 3669 388 3738 Dyn.
410 3665 626 3742 duodevigesimi
644 3675 786 3728 secuudum
806 3673 965 3727 Bausenium
986 3675 1035 3748 (ΙΙΙ
1055 3691 1081 3744 p.
1099 3677 1163 3746 122)
1193 3677 1225 3728 ab
1244 3691 1313 3729 anuo

317 3766 378 3819 inde
393 3761 489 3834 -1638,
516 3769 657 3822 secundum
679 3770 842 3826 Boeokirium
867 3770 988 3844 :bauan
1007 3769 1096 3842 11155,
1110 3770 1316 3846 ,υηᾱονίςοιίωι

317 3877 372 3916 eoo.
391 3863 471 3917 Bous.
490 3865 523 3918 ab
541 3880 564 3920 a.
586 3864 669 3934 1409,
694 3883 748 3926 aee.
779 3867 897 3922 Boeclrh.
915 3868 954 3922 ab·
976 3883 1000 3920 a.
1028 3869 1244 3950 law-Aegypto
1263 3871 1315 3922 inr-

315 3961 426 4027 perauit.
495 4017 498 4026 ¹
910 3971 913 3985 ¹
952 3959 956 3966 '
1085 3957 1116 3988 ’·
1150 3970 1153 3982 ·
1204 3979 1215 3988 ’-

271 4074 300 4144 3)
318 4073 440 4128 Munatio
466 4089 508 4142 ap.
534 4075 586 4128 loa.
616 4089 639 4126 e.
660 4037 711 4143 Ap.¹
740 4076 760 4143 1,
781 4075 823 4143 14,
843 4079 889 4146 qui
906 4053 939 4130 de
959 4077 1046 4134 Salute
1064 4031 1314 4148 primae'pastorum

317 4169 454 4238 dynastiae
473 4185 538 4242 rego
563 4173 627 4241 (see.
649 4171 728 4225 liuns.
749 4172 769 4226 1.
783 4189 804 4227 a.
826 4173 859 4226 ab
886 4177 954 4226 aaut
975 4174 1036 4228 indu
1052 4172 1141 4260 ,etum
1167 4192 1221 4230 see.
1241 4177 1313 4231 Boe-

319 4265 423 4323 ekhium
438 4269 518 4344 2607)
542 4269 721 4326 incohabat:
740 4273 947 4348 προορώμενον
969 4265 1126 4349 Ἀσσυρίων
1139 4277 1199 4346 udae
1217 4281 1315 4352 μεῖξον

320 4365 485 4434 ἰσχυόντων·
