3210 5012
619 441 865 517 ..pp-„-

194 635 267 698 lenit
288 631 452 714 ilopleldus
471 631 527 714 (ll,-
545 631 604 711 co)
627 630 851 714 reprobandum
874 646 944 694 esse
965 627 1130 696 videturci·¹
1146 626 1175 694 ls
1189 626 1290 708 em,

194 745 246 826 qui
266 742 505 824 mcompeuuic
528 743 710 807 ΣΡΔΠΟΣ
729 742 865 806 voculam
881 753 884 764 ·
898 740 1051 820 prodiisse
1071 737 1292 804 §Aeaeos

196 854 370 933 coalendil,
400 860 472 918 nola
508 859 567 916 tam
597 854 752 916 decurtata
786 869 893 914 uocem
929 849 1023 914 scribi
1062 849 1198 931 poluisse
1230 863 1294 918 nou

193 964 341 1044 probarit.
382 963 445 1027 llos
468 961 526 1026 alla
547 963 665 1025 ratione
689 961 890 1026 difficultatem
924 959 1091 1042 expeditori
1114 976 1152 1022 eo
1168 958 1293 1046 ,pedatu

193 1074 322 1158 ligimus,
337 1074 430 1154 cuod
454 1074 555 1153 docuit
572 1073 759 1136 blouersusl
779 1091 808 1154 p.
821 1071 895 1151 478,
910 1088 1019 1134 nomen
1038 1065 1290 1152 Σαρδανάπαλος

194 1202 234 1248 ex
255 1184 371 1248 duobus
394 1184 592 1265 compositum
614 1200 683 1246 esse
705 1184 871 1262 elementis,
897 1179 1208 1262 evoce,Sardan1,’1
1241 1176 1295 1244 vel

195 1295 364 1376 „Sandan”
389 1295 438 1356 dei
453 1294 606 1358 Sandonis
627 1293 749 1356 nomine
779 1299 810 1356 cl
834 1310 873 1355 cx
898 1290 1187 1373 adiectinc',opol‚'’
1209 1286 1292 1371 quod

194 1405 317 1487 linguae
339 1404 481 1468 Persicae
502 1403 685 1497 iudicesque
708 1404 802 1466 verbo
824 1401 931 1486 „pala”
953 1403 973 1466 i.
989 1419 1017 1462 e.
1049 1416 1197 1483 magnus,
1221 1417 1295 1467 ,ex-¹

197 1515 309 1593 celsus,
330 1514 513 1595 explicetur,
531 1515 573 1576 ita
591 1520 622 1576 ul
636 1519 726 1576 lotum
743 1528 857 1574 nomeu
869 1509 1009 1590 ,Sardoa
1026 1510 1169 1592 mugnus”
1190 1508 1295 1576 uerbis

196 1625 439 1700 amteudumsit.
462 1623 550 1698 Quod
572 1641 660 1704 quum
683 1625 740 1686 iam
755 1621 915 1684 bluellerus
932 1621 967 1683 ln
989 1621 1135 1703 singulari
1151 1620 1189 1684 dc
1209 1620 1296 1687 San*

197 1737 278 1814 donc
295 1734 551 1814 &Sardanapalo
575 1732 829 1797 commentatione
843 1731 1010 1813 suspicatus
1033 1730 1151 1810 luisset,
1173 1745 1294 1796 ιιιιιιιιιιο

197 1845 350 1922 cuilaaec·
373 1845 521 1922 iuscripta
550 1842 704 1924 leguntur:
737 1842 876 1906 HPAK
897 1844 1080 1906 ΑΠΑΛΑ
1109 1841 1166 1917 (οι.
1185 1839 1294 1907 ιιιιιιιιι

197 1955 280 2019 S..o.
300 1972 333 2016 v.
354 1951 499 2030 Tab„..lll,
525 1954 558 2029 l)
580 1951 752 2014 confirmari
767 1949 901 2014 ¹ridetur.
946 1950 1031 2024 Quae
1052 1951 1079 2014 si
1094 1951 1142 2014 ¹ita
1162 1955 1250 2030 suut,
1263 1947 1295 2019 id

199 2064 288 2144 quod,
304 2063 474 2129 addubiteri
492 2067 585 2143 posse
604 2064 727 2140 sentio,
750 2061 818 2124 dum
842 2062 955 2124 certius
975 2059 1088 2140 aliquid
1114 2059 1296 2140 repulsior,

196 2189 257 2236 non
278 2171 418 2253 displicet
436 2173 615 2252 coniectura
636 2171 803 2248 berosum,
831 2171 879 2233 cui
900 2187 938 2233 ea
960 2170 1092 2236 nominis
1104 2175 1145 2232 'et
1165 2181 1295 2250 compo·

195 2281 263 2344 silio
295 2287 325 2342 el
356 2281 537 2362 significatio
567 2286 639 2343 nota
669 2287 699 2343 ct
726 2281 755 2342 iu
784 2296 840 2343 usu
866 2287 948 2358 erat,
975 2280 1055 2362 quod
1089 2290 1207 2357 nomen·
1231 2279 1297 2360 pru
1390 2345 1394 2354 ,

194 2407 273 2462 mum
297 2396 390 2452 totum
411 2391 647 2470 perscripserat,
669 2389 752 2453 idem
773 2397 880 2472 postea
893 2389 1053 2467 brevitatis
1067 2406 1162 2458 causa
1176 2389 1296 2458 emim

194 2501 347 2574 adiectivo
380 2501 570 2564 decurtatum
604 2517 778 2582 usurpasse.
831 2500 946 2581 ltaque.
962 2501 1015 2564 ubi
1051 2499 1204 2564 lacunam
1222 2512 1299 2584 essa.

197 2609 367 2689 docuimus,
391 2611 472 2692 quod
492 2611 646 2694 integrum
667 2628 780 2676 nomen
792 2609 967 2692 Polybistor
987 2609 1120 2690 exhibel,
1144 2610 1296 2692 integrum

194 2718 222 2784 is
238 2719 318 2800 apud
334 2719 482 2787 berosum
502 2721 622 2806 legerat
639 2728 729 2804 atque
750 2720 824 2786 inde
843 2719 1010 2802 sibyllam
1022 2765 1025 2781 ι
1037 2737 1157 2802 qnoque
1182 2721 1294 2793 rerba:

194 2847 253 2912 ,ex
272 2847 334 2911 qua·
345 2830 569 2912 sardanapalus
582 2847 705 2914 quoque
720 2831 863 2910 exstitit,“
883 2830 1096 2910 desumpserit.
1117 2830 1210 2896 Paulo
1223 2835 1294 2912 post

193 2946 305 3021 autem,
326 2947 360 3003 ut
372 2937 489 3005 erroris
501 2942 592 3026 origo
610 2941 749 3023 exemplo
762 2941 940 3019 illustretur,
965 2939 1157 3004 chaldaeum·
1171 2943 1212 3005 lta
1226 2941 1294 3006 lere

193 3048 332 3142 seribere
350 3050 485 3142 potuisse
500 3051 567 3114 veri
588 3051 727 3116 absimile
742 3068 806 3113 non
821 3055 885 3114 est:
911 3038 1011 3120 Οὗτος
1034 3047 1206 3131 στρατηγὸς
1229 3046 1291 3113 dud

195 3157 443 3222 ΣΑΡΔΑΝΟΣ
453 3161 509 3222 τοῦ
523 3161 698 3224 Χαλδαίων
709 3160 865 3239 βασιλέως
882 3158 1007 3232 σταλείς
1022 3165 1079 3220 cel.
1097 3153 1154 3236 (c'f.
1171 3161 1197 3222 'S.
1213 3178 1242 3241 p.
1251 3159 1292 3224 30
1380 3179 1382 3185 ’

195 3258 262 3328 Νοι
275 3274 307 3346 1)
323 3265 434 3332 Verum
449 3269 617 3332 enimvero
633 3288 650 3332 a
668 3287 748 3332 voce
761 3267 1010 3334 ΣΑΡΔΑΝΟΣ
1020 3269 1146 3350 prodire
1157 3269 1294 3351 potuisse
1355 3339 1357 3342 ,

196 3375 415 3457 {Arado}
435 3379 616 3460 praesertim
634 3378 759 3462 liuguae
782 3378 826 3442 illi
843 3379 993 3462 imperitia
1017 3364 1077 3444 lam
1098 3378 1239 3462 decepto,
1260 3385 1295 3444 ut

197 3483 312 3551 lorruas
325 3487 461 3577 eiusdem
473 3490 606 3564 nominis
623 3490 762 3557 diversas
771 3490 894 3557 diversa
905 3490 1029 3567 uomina
1040 3496 1169 3574 putaret,
1184 3490 1294 3554 mirum

195 3609 260 3658 nou
289 3603 345 3659 est.
389 3600 477 3678 Quae
496 3616 586 3682 quum
598 3602 640 3666 ilo
653 3603 726 3681 sint,
748 3608 782 3664 ut
799 3601 904 3683 paucis
920 3600 1021 3664 omnia
1044 3601 1293 3682 complectamur,

196 3706 394 3789 Assyriorum
403 3728 464 3774 ‘rex
476 3711 609 3791 ultimos,
624 3730 712 3794 quem
723 3712 855 3775 Berosus
866 3711 1114 3793 Sardanapalum,
1123 3710 1292 3794 Abydenus

195 3831 271 3879 vero
294 3833 401 3881 errore
426 3818 571 3884 seductus
590 3823 736 3886 Saracum
763 3820 910 3902 appellat,
927 3821 966 3882 ¹iu
995 3821 1294 3887 canonel’tolemaci

197 3923 328 4008 denique
346 3933 469 3995 nomine
493 3925 696 4014 beniladani
716 3931 914 4012 perscriptum
937 3916 1126 4011 invenimus,
1144 3930 1189 3995 'ab
1209 3948 1290 3994 anno

199 4033 259 4140 dlii
283 4055 380 4119 usque
401 4039 439 4103 ad
460 4060 488 4104 a.
513 4041 584 4120 695,
608 4037 954 4124 quoNabopolassarem
974 4033 1142 4105 ‘Chaldaeis
1164 4013 1291 4132 praeie-

197 4145 249 4226 cit,
271 4147 303 4209 in
326 4166 430 4212 eorum
454 4150 613 4237 annalibus
637 4150 800 4244 Babylonis
825 4170 881 4246 reru
910 4156 1032 4239 notatus
1057 4158 1203 4249 orat1).¹
1227 4153 1289 4218 lam

225 4324 263 4438 ⁸l)
282 4364 390 4422 tollitur
402 4331 528 4426 wmcmu
539 4327 575 4442 ¹(l.
593 4373 644 4445 s),
661 4371 707 4440 qui
725 4367 815 4424 laliaci
823 4369 944 4438 Abydeni
962 4327 1203 4459 nisusleslimpnip,
1219 4371 1291 4426 utV.

1067 4483 1091 4556 3
