3210 5012
642 429 886 506 ...41-

214 648 505 718 Nebucadnecarenu
528 660 545 708 a
567 643 685 709 Burcsc
708 635 960 718 nuebassmm,
987 653 1066 720 quae
1094 631 1195 698 icauna
1217 649 1236 695 a
1255 644 1319 692 ne-

219 763 300 825 mine
320 755 575 839 Nabupolassuris
614 751 719 834 paucis
749 755 863 814 tantum
903 747 1012 810 litteris
1045 744 1154 825 distat,
1184 737 1320 822 ameliu-

217 865 372 936 ium'esee
392 865 578 948 Theophilus
600 865 657 944 (ad
679 859 861 943 Autolycum
883 859 922 922 ili
943 863 985 940 μ’
999 855 1058 921 139
1082 853 1132 918 ed.
1153 853 1242 931 Pan,
1265 849 1316 913 Fr.

220 983 252 1046 lu.
280 981 333 1044 Gr.
363 979 397 1042 G.
418 975 537 1042 Mulieri
557 976 585 1039 ii
605 993 634 1056 p.
659 973 737 1050 508)
758 971 847 1034 uestis
870 975 937 1048 eet,
958 967 1063 1048 liquet.
1111 963 1216 1028 Altera
1238 958 1321 1024 enim

218 1087 429 1172 negligentiae
450 1103 526 1150 ausu
547 1085 644 1149 altera
667 1079 855 1167 negligentia
878 1079 974 1142 inisse
991 1075 1122 1154 videtur,
1146 1089 1206 1154 qua
1218 1071 1321 1135 Accu·-

223 1201 304 1264 danc
324 1216 381 1280 pro
404 1197 493 1260 annis
515 1195 557 1259 28
576 1175 675 1274 (ini)
704 1209 802 1255 annos
831 1191 852 1252 8
872 1169 941 1267 (ᾗ)
956 1185 1118 1250 Eusebius
1147 1179 1320 1261 adscripsit.

220 1311 296 1375 Nam
309 1308 391 1391 qued
408 1321 507 1372 annes
518 1301 774 1386 uauopoiassaria
794 1304 831 1366 21
847 1317 911 1364 uno
922 1315 1003 1363 annu
1025 1293 1184 1372 imminuit,
1198 1291 1231 1355 id
1250 1308 1320 1354 ma-

221 1419 356 1500 niiesic‚··
366 1425 400 1482 ut
421 1436 449 1481 a.
464 1417 506 1481 88
518 1415 655 1493 eumne,
670 1430 748 1495 quae
766 1411 989 1495 aPelyhieione
1003 1407 1114 1472 tradita
1135 1403 1244 1468 mutari
1255 1418 1319 1465 nun

220 1529 326 1612 potuit',
352 1527 537 1606 efficeretur,
561 1525 672 1589 iactum
694 1525 752 1586 est‘.
786 1523 833 1584 Dc
847 1521 955 1603 quibus
972 1518 1110 1582 omnihus
1132 1533 1192 1599 quc
1212 1512 1320 1577 melius

220 1638 322 1720 poeuis
342 1635 479 1700 iudicare
510 1633 674 1720 genuinam
704 1631 813 1697 Bercsi
842 1629 1002 1696 rationem‘
1022 1627 1173 1709 corruptis
1196 1623 1321 1690 Eusebii

224 1746 350 1812 calculis
373 1747 455 1811 inira
477 1744 684 1827 appinximus:

701 1995 847 2063 Rationes

346 2179 476 2244 uenosi:
1064 2177 1206 2246 Eueauii:

284 2339 511 2407 sennacheribus
533 2360 561 2405 u.
692 2342 730 2405 18
866 2349 903 2413 18
1000 2343 1237 2410 Sanacharibus.

283 2437 467 2514 nsirdanus
545 2495 554 2514 .
634 2432 922 2536 98(11“Ῐῖ)8(1““1)
999 2452 1191 2518 Ascrdunus.

285 2561 464 2643 Sammuges
543 2605 552 2624 .
687 2563 726 2625 21
858 2568 895 2630 21
1001 2563 1191 2647 Sammuges.

286 2667 359 2732 Eius
381 2669 477 2732 irater
544 2717 552 2733 .
688 2670 725 2734 21
859 2675 896 2742 21
999 2671 1072 2737 Eius
1095 2671 1200 2738 frater.

637 2788 781 2798 ——-

284 2827 407 2892 Summa
419 2847 578 2895 annorum.
686 2830 728 2894 88

284 2937 551 3019 Nahcpolaseur.
685 2942 724 3004 21
856 2943 896 3008 90
996 2940 1233 3021 NabopuIaesar.

813 3059 916 3071 ᾑ

285 3105 551 3173 Nehucadueuar.
856 3101 897 3166 88
997 3117 1148 3166 annorum
1169 3059 1305 3165 summas.

297 3213 545 3293 (Ababassurus)
685 3216 727 3278 43
780 3257 783 3264 a
855 3208 896 3274 48
996 3209 1248 3276 Nchucuduezar.

326 3477 456 3557 Restat,
489 3483 522 3542 ut
550 3475 686 3542 numeria
716 3474 934 3540 ita-reeiiiuiis
967 3490 1073 3538 omues
1105 3473 1325 3554 diiiicultaies,

234 3600 310 3664 quas
330 3604 421 3668 supra
444 3586 609 3672 attigimus,
628 3585 694 3650 tolli
716 3585 872 3667 probetur.
915 3585 1017 3666 Atque
1042 3583 1103 3654 ium
1120 3583 1248 3666 primum
1270 3601 1329 3646 un-

226 3692 276 3756 uie
304 3693 346 3756 88
377 3695 577 3780 Assyriae
605 3695 1051 3780 dynastiaeiempuru,
1076 3694 1150 3775 cui,
1183 3694 1215 3758 id
1239 3693 1321 3775 quod

227 3802 309 3867 inira
329 3801 500 3886 docebitur,
521 3823 603 3870 anno
619 3805 821 3871 Sanuchanibi
842 3806 941 3887 primo
956 3805 1050 3884 (713)
1065 3803 1223 3886 Babylone
1243 3802 1326 3885 poci-

226 3917 287 3992 tae‚
311 3930 393 3976 anuo
415 3915 478 3980 625
501 3915 805 3998 domuelchaldaica,
829 3916 915 3980 cuius
940 3916 1083 3996 princepe
1101 3913 1157 3976 icit
1176 3912 1324 3994 Nahopu-

225 4021 334 4103 lassat,
360 4026 532 4106 successit,
567 4027 756 4109 complexum
789 4043 859 4091 esse
879 4025 1026 4090 Berosum
1053 4023 1158 4107 liquet.
1200 4021 1322 4088 Deinde

228 4137 309 4196 tanta
328 4151 368 4196 ex
397 4152 434 4197 eo
459 4140 600 4217 cumputo
621 4135 658 4200 V.
682 4136 714 4200 Τ.
748 4155 816 4201 cum
839 4135 958 4200 Beruso
989 4133 1119 4200 efficitur
1140 4133 1320 4214 cuncordia,

225 4245 260 4308 ui
291 4246 323 4304 ei
360 4261 458 4309 annus
491 4246 704 4314 senacharihi,
724 4247 862 4329 primun,
875 4244 978 4322 eidem¹
1004 4241 1121 4310 incidet
1148 4260 1228 4310 anuo
1259 4243 1321 4308 713

226 4351 399 4430 (625488
413 4385 447 4414 =
461 4359 558 4441 713),
584 4359 633 4424 eui
654 4357 688 4424 V.
711 4357 745 4423 Τ.
766 4355 949 4424 testimoniis
977 4355 1037 4421 nisi
1058 4366 1132 4436 eum.
1153 4355 1323 4443 udaiguau-
