3210 5012
295 569 468 652 Exemplum
486 569 691 651 planissimum
707 567 739 630 in
752 566 854 631 verbis
872 567 958 632 lisca
973 567 1130 647 inesttll,
1145 567 1219 646 llp:
1240 561 1340 653 πάρεξ
1360 567 1396 632 dt

299 680 439 764 ἀργύρου
459 678 580 763 χροοὸο
602 671 736 743 ἄπλετον
761 676 912 761 ἐνέθηκα
942 680 1097 762 ingentem
1118 678 1309 744 consecravit
1330 678 1395 742 auri

299 790 416 872 copiam
438 795 558 870 praeter
579 792 735 870 argentum
757 787 853 870 (quod
876 789 1101 868 consecravit).

397 900 451 964 llis
472 901 512 964 ita
535 897 705 963 constitutis
727 899 820 960 verba
843 889 993 979 ἄρξοντες
1014 925 1041 965 τ.
1065 898 1095 964 οἷ.
1112 893 1183 965 ‘'Ar.
1204 923 1236 962 n.
1255 896 1323 964 'Am
1346 899 1395 964 ἐπ’

298 1009 371 1076 ἔτεα
402 1006 566 1096 τριήκοντα
600 1009 655 1071 καί
685 1000 796 1071 ἑκατὸν
829 1009 914 1097 despit
947 1010 1060 1074 δέοντα
1097 1000 1240 1094 πάρεξῆ
1269 999 1342 1074 ’ὅσον
1367 1005 1398 1074 οἳ

299 1117 424 1186 Σκύθαι
450 1111 550 1204 ἦρχον
579 1121 620 1182 ita
639 1118 820 1199 explicanda
854 1125 951 1199 sunt,
986 1125 1018 1182 ut
1054 1137 1141 1202 quum
1177 1118 1209 1182 id
1242 1119 1325 1202 *quod
1358 1117 1397 1182 de

300 1247 330 1299 a,
354 1233 414 1294 128
437 1232 533 1310 spatio
555 1228 718 1291 affirmatur
738 1228 826 1292 tribui
856 1245 917 1291 non
939 1231 1034 1310 possit
1064 1229 1189 1293 excluso
1215 1247 1243 1292 a.
1257 1230 1297 1294 κδ
1321 1233 1399 1292 tem·

300 1342 388 1422 pori,
412 1339 467 1402 sad
494 1338 572 1402 Medi
595 1338 760 1420 superioris
780 1338 875 1402 Asiae
909 1339 1052 1403 dominati
1084 1355 1154 1404 asse
1176 1340 1316 1404 dieantur
1344 1355 1400 1422 per

302 1465 329 1513 a.
356 1449 414 1512 128
448 1455 568 1530 practer
589 1466 645 1511 eos
667 1465 785 1524 annos,
815 1449 922 1530 quibus
942 1448 1073 1532 Scythae
1102 1450 1258 1532 imperium
1280 1449 1399 1514 habue-

302 1560 380 1639 rint,
414 1559 493 1622 llcdi
514 1560 606 1640 igitur
639 1575 716 1622 non
752 1560 954 1640 obtinuerint,
981 1557 1169 1623 manifestum
1194 1562 1256 1639 sit,
1288 1560 1315 1622 si
1343 1577 1400 1624 so-

302 1669 350 1733 los
374 1667 511 1731 llcdicae
534 1666 748 1754 dominationis
774 1687 871 1733 anuos
894 1669 1155 1752 comprehendere
1181 1669 1338 1751 uolueris,
1361 1671 1401 1733 ab

303 1797 331 1844 a.
355 1778 415 1842 198
445 1793 542 1840 annos
564 1778 605 1842 28
642 1795 732 1841 esse
773 1778 1071 1845 detrahendos.
1133 1779 1236 1861 ltaque
1265 1779 1398 1844 omnium

304 1887 420 1953 illorum
454 1894 598 1950 corruunt
626 1889 823 1951 coniecturae
846 1894 877 1952 et
897 1890 1115 1970 explicationes
1148 1890 1198 1972 qui
1220 1891 1402 1954 contrariam

304 2001 385 2063 viam
418 2001 549 2080 ingressi
591 2005 670 2063 sunt.
729 1998 942 2063 llutationibus
975 2005 1074 2062 tamen
1114 2016 1154 2060 ne
1195 2015 1254 2060 nos
1283 2001 1402 2079 quidem

304 2111 469 2194 poterimus
496 2125 600 2191 egere.
646 2093 765 2174 Etenim
798 2111 868 2192 quia
897 2109 1068 2173 additcrum
1096 2124 1245 2173 annorum
1268 2107 1399 2172 l'lrraor·

304 2223 344 2286 tis
365 2221 428 2296 22,
458 2222 508 2301 qui
528 2219 608 2302 quod
628 2222 723 2302 primo
744 2221 833 2303 regni
854 2237 933 2286 anno
958 2236 1064 2283 omnes
1085 2220 1178 2285 Asiae
1198 2225 1309 2305 gentes
1329 2235 1401 2302 per.

307 2331 460 2394 domuisse
482 2348 549 2393 eum
578 2329 734 2412 probabile
748 2347 822 2394 anon
845 2337 912 2407 est,
931 2350 971 2395 ne
993 2347 1099 2394 omnes
1121 2330 1241 2413 quidem
1266 2331 1298 2393 iu
1321 2347 1400 2392 een·

307 2457 372 2506 sum
394 2441 533 2521 veniunt,
556 2439 702 2524 cyaxaris
723 2439 765 2506 40
787 2449 818 2506 et
839 2442 983 2526 Astyagis
1005 2441 1046 2505 35
1069 2457 1184 2506 summu
1206 2458 1235 2504 a.
1262 2439 1302 2502 97
1335 2437 1403 2502 elli·

312 2551 399 2632 citur,
421 2551 491 2614 huic
510 2571 538 2620 a.
565 2553 624 2616 ¹98
645 2551 725 2617 haud
749 2559 818 2634 apte
838 2553 1035 2635 respondent.
1081 2551 1114 2613 ln
1136 2567 1329 2615 numerorum
1349 2567 1403 2613 au.
1540 2616 1544 2622 ,

307 2667 368 2724 tem
395 2661 584 2724 restitutione
605 2663 732 2741 primurn
754 2662 875 2744 quidem
896 2679 935 2724 eo
956 2662 1096 2740 nitimur,
1116 2660 1198 2743 quod
1218 2661 1261 2724 uti
1283 2661 1342 2726 iam
1365 2677 1405 2722 ax

307 2771 496 2854 pronominis
518 2769 571 2834 εὀί
592 2787 648 2835 usu
669 2771 841 2854 colligitur,
865 2773 903 2837 alr
924 2771 1072 2836 Herodoti
1102 2771 1254 2834 sententia
1273 2788 1312 2835 eo
1333 2770 1404 2834 loeo

307 2883 420 2945 minuta
441 2881 531 2963 spatii
553 2879 631 2943 illius
653 2879 786 2944 delinitio
808 2882 908 2945 aliena
933 2887 989 2946 est.
1030 2879 1146 2944 Deinde
1166 2897 1244 2961 quac
1266 2880 1326 2943 iam
1346 2879 1404 2944 hoc

308 3008 348 3056 ax
371 2997 455 3072 parta
476 2990 514 3053 da
539 2991 599 3055 128
622 3008 650 3054 a.
674 3007 798 3055 numero
822 2989 967 3054 dubitatio
991 2991 1129 3054 oboritur
1152 3006 1189 3052 ea
1214 3007 1249 3053 re
1279 2994 1406 3074 augetur

310 3101 454 3182 lortosse,
477 3101 557 3184 quod
582 3119 671 3184 quum
692 3103 777 3189 donin
797 3101 907 3166 δέοντο
928 3099 1022 3165 narba
1046 3101 1111 3164 lere
1132 3117 1254 3182 semper
1274 3101 1405 3165 numeris

311 3213 350 3277 ad
372 3229 449 3296 quos
470 3212 619 3292 pertinent
641 3218 883 3294 praeponantur,
920 3212 970 3275 hio
988 3211 1156 3296 postposita
1178 3218 1247 3274 sunt
1260 3217 1297 3288 ¹).
1341 3211 1406 3274 Do-

310 3323 403 3405 nique
416 3321 556 3385 facillima
574 3322 622 3384 vel
644 3339 684 3385 cx
704 3321 772 3385 1.1v
795 3323 852 3384 c.1
876 3323 925 3385 vel
943 3341 983 3386 ex
1004 3321 1051 3387 l.l
1073 3341 1100 3386 e.
1114 3319 1173 3386 red
1193 3320 1232 3383 ad
1254 3338 1283 3387 v.
1305 3311 1406 3405 πάρεξ

310 3422 330 3515 ἦ
352 3425 427 3495 ὅσον
448 3427 477 3495 οἱ
490 3429 615 3495 Σκύθαι
638 3419 738 3512 ἦρχον
750 3449 769 3494 a
782 3431 897 3498 lectore
913 3433 1042 3513 quodam
1057 3430 1195 3513 diligenti
1210 3446 1304 3494 voees
1314 3427 1406 3516 τριῆ-

310 3564 403 3605 κοντα
417 3540 626 3628 δοῷνδέοοοο
649 3541 679 3604 in
705 3543 842 3623 margine
863 3543 985 3622 appingi
1000 3545 1152 3622 poteraut;
1177 3540 1284 3623 quibus
1299 3547 1405 3622 postea

311 3652 457 3716 Herodoti
471 3652 573 3714 verbis
596 3651 723 3715 adnexis
744 3667 821 3735 quae
837 3669 918 3715 nuno
940 3651 1153 3735 pervulgautur
1173 3655 1240 3714 crta
1260 3658 1338 3716 suut.
1361 3650 1405 3716 lla

310 3763 403 3845 igitur
413 3762 439 3826 si
459 3759 668 3843 interpolatori
683 3761 854 3826 reddideris
874 3768 904 3825 et
924 3762 985 3826 ita:
1010 3751 1212 3844 ἄρξοντες
1235 3760 1308 3844 τῆς
1331 3749 1411 3824 ἅνω

303 3866 452 3944 ’Ἅλυος
482 3871 679 3951 ποταμοῦ
700 3867 840 3957 Ἀσίης
863 3869 919 3935 ἐπ’
941 3865 1033 3935 ἔτεα
1063 3862 1213 3934 ἑκατὸν
1232 3859 1411 3952 πάρκξῆ

313 3975 410 4046 ὅσον
431 3975 469 4044 οἱ
489 3967 649 4045 §reddor
670 3971 799 4064 ἦρχον
829 3981 1013 4064 scripseris,
1046 3981 1099 4045 loti
1121 3998 1139 4043 a
1163 3979 1314 4044 l’lrraortis
1335 3977 1408 4041 inda

313 4097 412 4155 aetate
445 4107 541 4174 usque
573 4091 611 4155 ad
642 4094 760 4176 imperii
784 4093 871 4157 linem
904 4095 1001 4174 spatio
1031 4098 1189 4156 cantum
1211 4089 1408 4172 adsignantur

308 4242 615 4261 W

331 4291 385 4399 “15
404 4327 439 4381 c.
463 4325 523 4382 nar.
539 4324 615 4396 non,
635 4325 678 4394 ru,
690 4325 715 4393 r,
727 4321 772 4379 oo.
794 4309 918 4378 narrare
936 4318 979 4376 m.
1000 4317 1042 4376 aa
1062 4309 1371 4390 pransurum.
