3210 5012
645 451 889 527 ..27-

203 637 343 721 idemque
372 638 490 706 ultimus
512 655 567 721 per
590 640 631 708 28
654 659 682 703 a.
722 641 899 724 Scytharum
929 641 1002 723 iugc
1036 637 1187 702 subiactus
1220 652 1299 702 anuo

132 789 138 806 ·
202 751 321 816 demum
345 749 407 815 606
431 768 448 812 a
472 750 568 814 Medis
588 758 619 814 ct
636 750 809 834 Babyloniis
833 753 930 815 nictus
952 752 1138 832 imperioque
1162 751 1296 832 privatus

203 878 272 924 csso
286 859 415 924 videtur.
450 861 588 925 Getarum
610 864 740 926 omnium
754 879 858 925 acrum
872 863 1042 940 ueritatem,
1060 876 1138 942 quaa
1158 860 1245 924 brevi
1269 860 1299 922 in

201 978 365 1053 conspectu
381 971 545 1052 posuimus,
569 973 595 1034 si
616 988 652 1033 ea
674 971 804 1034 tortasse
821 971 946 1052 excipis,
969 985 1047 1052 quac
1068 968 1295 1051 promeritos.

200 1080 313 1144 iinscni
334 1086 364 1142 et
384 1080 500 1143 Hinirsii
526 1097 710 1143 consensum
744 1081 868 1142 incertis
899 1079 1030 1167 certiora
1052 1096 1122 1142 essa
1151 1077 1299 1156 videntur,

201 1208 300 1272 nequa
321 1193 515 1274 impugnare,
530 1190 807 1272 naquaaffinmarc
829 1205 1012 1271 passumus-3
1036 1187 1066 1253 id
1086 1194 1185 1252 autam
1208 1205 1301 1269 prac-

202 1300 379 1398 cipuclpost
399 1319 463 1385 cu„
497 1317 574 1383 quas
595 1299 737 1382 Euaidus
770 1299 871 1381 (ips.)
904 1298 942 1361 de
981 1297 1294 1380 primisssowlinsoni

202 1409 420 1474 enucleaticnis
451 1409 660 1472 conaminibus
699 1408 884 1490 disputavit,
919 1409 994 1472 satis
1032 1414 1173 1473 constans
1207 1407 1300 1471 vida·
1410 1443 1413 1450 ·

203 1526 272 1599 tur,
305 1520 345 1583 ita
367 1520 405 1582 ab
432 1521 480 1582 his
497 1520 635 1583 omnibus
658 1520 810 1600 proticisci
831 1535 888 1581 nus
907 1534 968 1580 non
990 1535 1105 1600 posse,
1137 1525 1170 1581 ut
1190 1519 1301 1582 ceteris

203 1647 240 1695 ca
276 1631 456 1694 testimoniis
488 1631 705 1712 praeferamus.
763 1628 865 1710 itaqua
896 1635 927 1691 ut
961 1631 1019 1692 iarn
1059 1629 1163 1711 paucis
1208 1635 1301 1692 totam

204 1747 338 1806 nostram
358 1742 553 1824 nissyriarum
573 1758 673 1804 rarum
699 1738 960 1820 disquirandnrum
984 1740 1062 1804 viam
1082 1740 1299 1823 significemus,

202 1851 322 1930 Baroai,
346 1851 492 1916 iisrcdcti
515 1857 546 1913 ct
560 1851 593 1919 V.
608 1852 639 1913 Τ.
663 1851 843 1913 testimoniis
865 1857 896 1912 ut
914 1850 1000 1914 firmo
1027 1849 1221 1915 fundamento
1241 1847 1301 1915 nisi

205 1961 368 2026 ctesranae
403 1964 567 2025 momoriae
594 1963 720 2045 pretium
744 1963 874 2044 quidque
907 1979 946 2025 ex
980 1979 1016 2026 ea
1039 1968 1144 2026 nostro
1171 1963 1299 2028 consitio

202 2072 378 2154 proficiatur
397 2072 584 2146 definiamus,
608 2074 646 2136 iis
668 2079 778 2152 autem,
795 2090 871 2154 quac
890 2091 930 2135 ex
943 2072 1200 2154 'inscriptionibus
1216 2080 1300 2137 eruta

203 2181 427 2248 carenitanum
440 2199 527 2263 quam
549 2185 713 2263 poterimus
729 2184 901 2246 cautissime
922 2193 1062 2264 tanquam
1075 2185 1152 2264 aptis
1174 2183 1211 2244 ad
1227 2199 1301 2246 san·
1376 2209 1379 2218 ¹

205 2291 366 2355 iantiurum
391 2291 456 2353 siva
478 2291 758 2371 confirmationem,
790 2293 856 2355 siva
878 2293 1091 2356 refutationem
1113 2291 1301 2356 adminiculis

204 2408 333 2480 utemur,
354 2401 385 2464 in
406 2401 480 2484 ipsis
499 2401 629 2483 denique
647 2404 739 2466 rcbus
753 2403 918 2468 tractandis
939 2422 956 2468 a
979 2403 1156 2469 cautissimis
1179 2404 1218 2466 ad
1238 2404 1298 2466 mi-

204 2528 261 2575 nus
281 2516 366 2574 certa
385 2511 624 2598 progrediamur.
