3210 5012
430 1033 473 1120 Ρ
494 1033 538 1121 Δ
558 1034 610 1122 R
633 1035 666 1122 S
726 1033 769 1120 Ρ
789 1031 956 1120 1210
978 1030 1047 1118 R.

585 1225 900 1292 verentibus.

594 1519 615 1592 l
655 1519 700 1594 m
720 1521 888 1596 llarcdoto.

295 1695 340 1759 De
362 1696 507 1778 Assyriae
535 1696 680 1760 historiae
703 1695 837 1759 lontibus
871 1693 1056 1776 inquisitoris
1084 1692 1162 1754 inter
1183 1694 1289 1753 omnes

198 1805 346 1870 Graeciae
382 1824 482 1870 rerum
515 1806 681 1887 scriptores
716 1807 828 1888 primus
852 1805 1023 1868 Herodotus
1053 1801 1210 1866 adeundus
1232 1805 1290 1878 est,

201 1932 377 1997 quamquam
398 1915 454 1979 iam
471 1923 543 1980 anle
564 1934 632 1981 eum
653 1916 815 1998 plerosque
831 1917 861 1980 in
885 1916 1006 1999 scriptis
1028 1914 1108 1977 illam
1129 1913 1195 1974 sive
1220 1909 1293 1972 teti·

201 2025 296 2105 pisse,
314 2025 377 2088 sive
398 2033 601 2106 pertractasse
618 2033 746 2091 constat.
780 2027 840 2092 Sed
856 2044 944 2108 quum
958 2043 1062 2089 eorum
1076 2021 1293 2105 propemodum

199 2133 300 2196 omnia
322 2136 476 2215 interiere,
490 2144 551 2200 tum
572 2155 662 2201 unum
679 2137 759 2220 quod
773 2143 913 2217 superest
926 2135 1072 2198 llellanici
1092 2132 1294 2216 fragmentum

199 2249 302 2306 nostro
331 2245 488 2326 proposito
521 2262 625 2325 parum
655 2245 829 2308 adminiculi
864 2247 998 2328 praehet.
1054 2241 1128 2306 Eum
1162 2241 1295 2304 enimin

200 2369 317 2434 opere,
349 2351 430 2434 quod
452 2349 601 2436 Περσικά
633 2353 806 2435 inscriptum
839 2355 1036 2417 harbarorum
1069 2351 1244 2426 historiam,
1269 2348 1297 2411 si

197 2462 317 2543 quidem
338 2461 513 2544 Cephalioni
542 2462 620 2543 apud
648 2463 819 2546 syncellum
845 2482 873 2544 p.
896 2465 958 2528 315
979 2463 1027 2528 ed.
1051 2460 1189 2524 ltindorl.
1209 2458 1297 2538 lides,

196 2589 215 2633 a
238 2573 307 2635 Nini
330 2572 401 2634 inde
424 2573 609 2654 temporibus
632 2573 909 2655 complectebatur,
933 2572 971 2635 de
993 2571 1110 2634 duobus
1133 2567 1295 2633 tradidisse

201 2681 416 2762 Sardanapalis
432 2681 617 2747 Scholiastes
639 2683 677 2746 ad
697 2681 907 2764 Aristophanis
923 2683 981 2745 Ar.
995 2701 1023 2744 v.
1044 2681 1121 2744 nott
1136 2681 1222 2743 lestis
1237 2685 1294 2742 est.

197 2789 260 2856 Sed
281 2796 312 2852 ut
334 2791 373 2853 ad
400 2789 585 2857 llerodotum
608 2795 779 2872 redeamus,
800 2793 939 2875 quoniam
957 2791 1038 2873 quod
1060 2791 1099 2854 de
1122 2792 1214 2854 rebus
1234 2791 1296 2852 As·

200 2900 350 2984 syriorum
373 2900 422 2964 ille
456 2919 526 2966 sese
552 2903 759 2967 coniecturum
782 2881 851 2966 esse
874 2920 950 2985 opus
972 2899 1020 2964 l.l
1054 2920 1080 2969 c.
1107 2899 1166 2964 106
1186 2905 1216 2990 et
1237 2894 1299 2962 184

199 3009 367 3092 pollicetur,
389 3012 530 3096 quodque
549 3014 730 3077 Aristoteles
746 3021 773 3091 ι)
800 3015 890 3076 etiam
912 3012 1025 3094 legisse
1049 3010 1178 3089 ridetur,
1201 3011 1298 3091 ipsum

202 3117 373 3201 intercidit,
394 3122 498 3200 paucis
520 3122 599 3207 illis,
629 3143 708 3206 quae
734 3126 765 3186 in
787 3122 979 3185 historiarum
1002 3120 1085 3184 libris
1108 3119 1236 3183 subinde
1259 3119 1298 3182 de

202 3231 238 3294 iis
266 3228 460 3306 referuntur,
495 3233 704 3297 adtentissima
736 3232 853 3296 animus
885 3232 1059 3295 advertatur
1087 3247 1217 3295 necesse
1242 3235 1298 3293 est.

205 3339 287 3415 Quae
307 3345 339 3404 ut
361 3339 495 3403 breviter
519 3342 712 3423 complectar,
734 3359 822 3422 quum
844 3360 901 3424 per
912 3339 973 3405 eto
994 3358 1091 3406 annos
1105 3340 1299 3421 Assyriorum

138 3491 142 3502 ·
205 3448 261 3528 iis,
294 3453 343 3532 qui
364 3449 471 3514 Ninum
492 3451 597 3514 urbem
619 3453 800 3517 incoluerint
816 3457 866 3532 2),
890 3469 996 3516 omnes
1018 3449 1183 3533 superioris
1203 3450 1298 3516 Asiae

204 3565 312 3643 gentes
335 3562 473 3625 subditae
496 3560 648 3638 luissent,
678 3564 791 3645 primos
811 3561 860 3625 ille
884 3564 978 3627 relert
997 3561 1049 3626 l.l
1083 3579 1111 3624 c.
1134 3559 1174 3623 95
1209 3557 1264 3622 del
1280 3593 1299 3608 -

255 3810 284 3878 1)
303 3807 335 3861 ll.
347 3809 434 3864 Apim.
450 3807 492 3862 cd.
506 3806 613 3862 Bakker
632 3810 663 3863 Θ.
675 3807 737 3874 dtr,
747 3807 801 3874 h,t
822 3803 882 3862 atr*
897 3804 1049 3880 Ἡρόδοτος
1070 3808 1142 3876 (nam
1161 3804 1214 3858 lroc
1227 3802 1295 3857 duca

194 3951 197 3958 .
304 3902 362 3956 cod.
381 3903 420 3956 n²
441 3919 489 3974 pro
505 3903 639 3964 Ἡσίοδος
668 3902 847 3972 reponendam
866 3917 926 3956 asse
944 3899 1063 3970 ridetur)
1077 3900 1179 3974 ἠγνόει
1203 3903 1294 3967 reiro,

304 4005 440 4068 πεποίηκε
459 3991 517 4074 γὰρ
537 3996 588 4058 τὸν
605 4000 653 4069 τῆς
676 4005 813 4074 μαντείας
836 3998 979 4072 πρόεδρον
998 3993 1081 4053 deror
1100 3999 1131 4056 ἐν
1150 3999 1181 4070 τῇ
1199 3999 1301 4070 dtyyn'-
1354 4007 1358 4014 '

305 4117 349 4156 cst
369 4101 400 4172 τῇ
416 4101 483 4168 'aspi
500 4089 553 4161 τὴν
572 4099 741 4166 πολιορκίαν
760 4089 813 4163 τὴν
831 4097 923 4149 Νίνου
942 4096 1072 4149 πίνοντα.

261 4197 291 4264 2)
308 4199 425 4266 quue
450 4193 543 4247 codam
561 4195 729 4262 Assyriorum
747 4193 854 4245 nomina
873 4189 1034 4257 Babylonios
1054 4204 1159 4260 quoque
1178 4208 1302 4262 compro.

272 4339 275 4346 .
304 4290 570 4352 hecdicttarototm.
592 4291 628 4346 ol.
647 4291 669 4358 1,
690 4289 751 4355 178,
769 4288 816 4355 Ill,
831 4287 890 4341 155.
928 4285 1050 4339 Celerum
1070 4302 1101 4340 ea
1122 4303 1225 4358 semper
1237 4306 1302 4344 san.

305 4393 386 4445 tantia
404 4390 453 4445 illo
471 4389 578 4444 nomina
597 4395 665 4456 utar,
682 4402 751 4457 quaa
769 4384 838 4455 apud
855 4399 904 4442 aot
921 4382 1077 4455 perrupere
1095 4392 1143 4444 art.
1175 4439 1179 4444 ,
1201 4421 1203 4428 ,
1224 4429 1227 4438 .

1078 4503 1096 4568 1
