3210 5012
647 449 869 526 ..0-

87 713 91 720 ¹
213 640 348 724 Apronio
374 655 450 705 vcro
472 641 555 725 regis
585 643 728 706 omnium
747 641 833 723 primi
853 647 968 722 patrem
999 641 1092 706 luisse
1113 639 1222 708 Ninum
1242 643 1308 708 itali

212 750 303 816 lilium
333 758 420 815 autor
453 758 501 816 est
527 752 568 833 (l,
591 753 636 830 7).
693 753 749 827 Oui
782 771 871 834 quum
901 751 1039 829 allino,
1070 767 1158 834 quern
1178 754 1209 816 iu
1231 752 1307 816 liel-

209 860 305 924 lanici
336 863 515 944 Ctesiaequa
552 865 697 926 memoria
728 863 854 944 primunr
887 863 967 926 inter
989 863 1183 954 Assyriorum
1217 875 1311 944 reges

213 970 314 1035 locum
336 975 473 1037 obtinere
493 974 626 1054 scimus,
648 973 871 1037 discernendus
894 989 956 1035 non
982 974 1043 1048 sit,
1075 973 1145 1053 quin
1180 973 1311 1036 cundem

212 1099 255 1144 ex
283 1081 430 1147 Herodoti
468 1100 587 1166 quoque
620 1085 770 1147 sententia
806 1089 936 1164 occupat
963 1082 1016 1145 vix
1044 1081 1174 1147 dubitari
1203 1087 1312 1163 potest.

215 1191 333 1266 Quodsi
353 1193 444 1275 igitur
465 1193 544 1258 iltius
567 1197 651 1256 aetas
673 1195 885 1272 constituatur,
910 1192 949 1253 dc
971 1189 1202 1272 primordiorum
1216 1191 1313 1272 Assy-

213 1303 328 1368 riorum
352 1307 489 1384 tamporo
514 1319 575 1366 nou
596 1305 656 1366 iam
680 1301 856 1386 ambigetur.
908 1303 996 1384 Atqui
1019 1318 1059 1365 ex
1079 1301 1116 1366 iis
1137 1313 1216 1384 quaa
1237 1315 1313 1382 pro-

215 1412 269 1474 tuli
297 1413 423 1492 primum
448 1429 559 1476 anuum
580 1413 714 1496 Agranis
732 1429 814 1475 anno
835 1410 972 1474 incidere
995 1413 1071 1473 1111
1104 1409 1230 1488 (5161-
1254 1407 1313 1471 170

216 1537 246 1592 -p
266 1521 329 1585 ritib
355 1551 387 1580 α
414 1524 512 1603 aaut)
544 1523 740 1606 intelligitur,
770 1527 843 1604 quot
874 1527 974 1584 autam
997 1535 1094 1582 annos
1124 1520 1193 1583 Nini
1214 1534 1312 1601 reguo

215 1633 353 1696 tribuerit
389 1635 560 1699 llerodotus
590 1634 713 1696 dacorum
741 1649 811 1695 esse
841 1631 969 1694 videtur.
1014 1633 1112 1712 Atque
1134 1627 1314 1695 bliebubrius

214 1743 338 1822 quidem
361 1747 492 1807 certiora
514 1743 708 1806 fundamento
735 1759 806 1806 sese
837 1741 955 1805 destitui
983 1747 1065 1804 ratus
1086 1747 1131 1803 lot
1151 1741 1181 1803 ei
1203 1753 1312 1819 anuos,

211 1859 294 1933 oum
323 1853 374 1916 illc
398 1860 476 1916 teste
511 1871 601 1915 unum
625 1851 776 1916 saeculum
808 1851 958 1931 (11141)
993 1849 1138 1932 explent,
1173 1851 1316 1934 assigua-

220 1963 272 2022 ιιι.
310 1960 371 2023 Sed
395 1979 434 2022 na
456 1962 572 2024 incerta
593 1961 686 2026 cerlis
707 1961 929 2042 praeferantur,
950 1959 1223 2040 probabilissimum
1241 1973 1314 2022 essa

216 2076 340 2149 reputes
363 2069 548 2132 Herodotum
578 2077 609 2133 ut
640 2072 672 2132 iu
704 2070 784 2148 illis,
819 2070 860 2133 ita
881 2069 911 2130 in
934 2068 1106 2131 deliniendo
1129 2070 1217 2151 regni
1240 2084 1314 2150 spa-

214 2180 260 2241 tio
284 2180 371 2242 istam
405 2199 493 2261 quam
522 2181 613 2243 modo
641 2181 802 2263 adtigimus
834 2179 872 2241 da
896 2179 973 2242 Nino
1004 2178 1197 2242 traditionem
1227 2195 1315 2259 pror-

218 2305 270 2350 sus
291 2295 459 2369 sequutum,
480 2291 556 2352 Nino
579 2307 705 2372 regnum
728 2289 869 2352 tribuisse
891 2305 1037 2352 annorum
1049 2291 1090 2353 51
1112 2294 1185 2370 quot
1207 2289 1315 2351 acte-

214 2398 265 2460 sia
288 2403 409 2460 notatos
430 2398 524 2460 tuisse
547 2417 586 2462 ax
606 2398 815 2479 combutionis,
851 2387 980 2479 lustini,
1006 2397 1152 2473 Eusebii,
1172 2398 1317 2480 syncelli,

220 2508 417 2571 barbarorum
440 2509 571 2589 denique
593 2515 802 2596 excerptorum
826 2525 978 2572 consensu
1008 2514 1138 2571 constat.
1193 2508 1261 2583 Quo
1284 2505 1316 2568 lit

218 2625 251 2679 ut
274 2635 313 2680 ex
333 2617 481 2682 tlerodoti
504 2618 627 2682 calculis
642 2622 787 2701 Assmios
808 2594 973 2698 superioris
996 2619 1089 2682 Asiae
1111 2618 1238 2699 imperio
1257 2632 1318 2699 po-

218 2729 290 2790 titos
314 2726 408 2800 luisse
429 2746 456 2793 a.
483 2729 563 2794 1173
584 2729 683 2807 (1111
706 2745 737 2802 ÷
756 2731 797 2792 ob
823 2759 855 2786 -.·.
875 2727 982 2807 1173),
1004 2728 1109 2792 bledos
1132 2729 1234 2814 tagum
1255 2745 1316 2790 ex·

219 2839 302 2902 uisse
322 2855 351 2900 a.
375 2838 436 2901 toa
459 2839 663 2915 (ratu-ubo
690 2871 723 2899 ιε
742 2839 819 2918 753)
840 2839 907 2904 sine
928 2838 1053 2920 regibus
1078 2837 1209 2919 deniquo
1231 2856 1259 2902 a.
1274 2832 1316 2901 lt

220 2948 404 3024 (753-709
427 2981 460 3010 a
478 2949 537 3027 44)
560 2956 762 3014 commoratos
784 2967 854 3014 esse
877 2947 1021 3013 contendi
1043 2953 1142 3030 (preat.
1185 2949 1270 3023 Quae
1287 2948 1317 3011 si

217 3059 262 3121 lta
285 3060 440 3122 statuimus
464 3059 604 3141 llupfeldi
620 3061 809 3144 refragamur
824 3061 1016 3140 sententiae,
1039 3059 1090 3141 qui
1111 3060 1142 3121 in
1162 3057 1317 3122 exercita·

221 3170 335 3234 tionum
359 3169 596 3234 Herodotearum
619 3172 793 3253 speciminis
815 3170 841 3233 ll
864 3188 892 3251 p.
908 3169 948 3233 56
970 3187 1014 3250 sq.
1041 3169 1193 3250 exipsius
1216 3169 1317 3233 liero-

225 3278 287 3340 doti
307 3280 481 3342 testimonio
512 3280 533 3343 6
561 3297 658 3344 annos
692 3281 787 3344 libera
810 3263 968 3362 'republica
994 3277 1099 3342 bledos
1128 3295 1201 3343 usos
1222 3277 1318 3348 tutem

223 3388 282 3452 sibi
304 3391 387 3452 visus
410 3391 603 3454 adteruisse.
648 3390 748 3455 Verba
769 3391 849 3454 enlm
865 3392 975 3472 quibus
997 3390 1100 3454 nititur
1121 3390 1316 3454 vexatissimo

224 3494 301 3560 haec
330 3506 416 3563 sunta
447 3500 559 3580 Μῆδοι
592 3500 628 3564 dt
655 3497 823 3581 ὑπέκυψαν
853 3499 1002 3586 Πέρσῃσι
1032 3497 1086 3563 διὰ
1117 3496 1176 3582 τὴν
1204 3497 1317 3563 τούτου

223 3603 402 3692 πικρότητα,
417 3600 566 3690 ἄρξαντες
579 3609 635 3691 τῆς
657 3601 726 3673 ἄνω
747 3603 866 3684 Ἅλυος
888 3609 1035 3688 ποταμοῦ
1054 3608 1162 3691 Ἀσίης
1183 3609 1230 3671 iaa’
1246 3603 1320 3672 ἔτεα
1412 3596 1417 3606 ’

223 3707 393 3796 τριήκοντα
416 3718 471 3780 καί
491 3711 603 3781 ἑκατὸν
626 3719 710 3805 dvpiv
731 3720 863 3802 dinosa,
883 3714 984 3800 πάρεξ
1006 3713 1026 3800 ἢ
1050 3709 1121 3782 b'oov
1143 3715 1173 3780 oi
1193 3714 1318 3780 §adam

222 3811 324 3906 ἦρχον
344 3829 379 3902 ¹).
420 3829 519 3908 Atque
552 3828 602 3890 ille
624 3828 743 3909 quidem
776 3828 859 3910 quod
881 3829 1052 3910 praeiverat
1073 3826 1257 3910 conringius
1274 3827 1316 3889 ad

224 3951 322 3998 anuos
345 3934 385 3999 18
405 3945 478 4018 quot
502 3938 679 4021 Scytharum
702 3940 732 4001 in
750 3938 827 4002 Asia
847 3938 1083 4001 dominationem
1104 3937 1234 4002 durasao
1252 3935 1316 4000 llu-

224 4044 350 4110 rodotus
378 4045 402 4127 l,
428 4047 487 4112 106
508 4054 538 4110 et
562 4047 608 4128 lv,
634 4051 649 4111 1
686 4048 797 4124 tradit,
829 4050 917 4111 aunis
942 4049 1000 4110 118
1035 4047 1199 4111 additis
1227 4063 1317 4130 quum

228 4174 343 4222 summa
356 4175 382 4222 a.
399 4157 459 4222 tob
472 4157 629 4241 alliciatur,
653 4175 691 4224 ea
712 4165 830 4223 totum
848 4155 1033 4222 alladorum
1049 4157 1121 4222 iude
1145 4157 1317 4256 delectione
1431 4207 1432 4211 ,

278 4386 313 4458 ,1)
329 4383 354 4456 l,
373 4385 432 4447 1³0.
