3210 5012
628 459 873 531 ..π-

302 805 362 868 lam
386 823 403 868 a
426 800 552 870 Graecis
573 805 672 867 rerum
704 806 902 890 scriptoribus
930 801 969 868 ad
993 800 1158 872 orientales
1181 808 1298 867 transe-

201 909 312 980 undum
335 913 398 994 cst,
429 916 478 996 qui
509 933 596 998 quum
630 910 842 996 suae'patriae
874 913 1030 977 historiam
1061 913 1297 996 perscriberem,

200 1026 395 1108 Assyriorum
417 1043 469 1087 res
490 1028 593 1110 gestas
616 1022 733 1107 quoties
756 1022 797 1087 illl
816 1019 962 1089 immistas
985 1023 1190 1106 inveniebant,
1211 1015 1301 1086 toties

201 1136 358 1199 notabant.
406 1133 503 1220 Atque
531 1135 657 1217 primum
683 1133 814 1222 ,quidem
847 1137 926 1198 inter
948 1153 1009 1227 eos,
1027 1144 1298 1202 commemoramus

201 1238 348 1310 Berosum
374 1243 557 1310 Chaldaeum
578 1248 628 1331 qui
653 1242 818 1309 Alexandri
840 1240 943 1330 magni
961 1249 1060 1309 aetate
1084 1240 1227 1308 historias
1245 1241 1301 1306 Ba·

202 1341 341 1438 bylonias
365 1375 404 1420 ex
427 1354 534 1439 priscis
559 1348 717 1420 annalibus
736 1354 861 1418 haustas
889 1359 920 1418 et
941 1353 1036 1422 tribus
1061 1351 1145 1417 libris
1167 1351 1302 1440 digestas
1409 1388 1412 1394 ,

202 1453 345 1527 coniecit.
370 1463 567 1548 Exscripscre
591 1485 659 1530 eum
680 1472 801 1546 practer
823 1471 944 1527 ceteros
967 1457 1040 1526 iuba
1063 1459 1245 1530 mauritanus
1268 1463 1299 1525 in

203 1574 339 1656 'Assyriis
361 1576 423 1638 suis
453 1574 588 1639 historiis
623 1572 680 1656 (cf.
703 1573 751 1638 m.
776 1572 805 1636 h.
828 1573 861 1636 G.
882 1572 930 1636 cd.
954 1571 1077 1635 Mueller
1101 1567 1140 1636 lll
1169 1590 1198 1654 p.
1222 1570 1300 1652 tta>

203 1701 278 1766 quas
300 1683 439 1748 Clemens
461 1683 686 1750 Alexandrinus
717 1683 755 1746 ob
780 1681 886 1746 oculos
910 1683 1037 1763 hahuit;
1072 1681 1183 1746 deinde
1206 1673 1303 1765 Apol-

198 1791 336 1878 lodorus,
360 1812 447 1877 quem
467 1793 636 1876 Polyhistor
657 1799 800 1875 sequutus
825 1811 894 1858 esse
917 1793 1035 1856 uidetur
1059 1799 1148 1877 atque
1172 1784 1300 1873 Abydo.

201 1922 267 1967 nus.
313 1903 445 1978 Quorum
467 1911 637 1986 postremus
660 1908 691 1966 ut
714 1909 851 1985 tempore
872 1901 1020 1966 chroso
1036 1899 1224 1985 Polybistore
1247 1921 1302 1965 re-

200 2014 332 2094 motior,
355 2015 394 2076 ita
418 2015 447 2076 in
470 2013 621 2097 plerisque
649 2013 740 2077 rebus
764 2013 816 2076 illo
849 2009 971 2096 longius
996 2013 1034 2075 ab
1057 2029 1095 2074 co
1119 2010 1301 2074 discessisse

199 2122 330 2185 videtur.
372 2114 475 2204 Neque
491 2128 590 2186 tamen
609 2124 651 2185 ita
669 2128 802 2204 praestat
818 2120 1015 2201 Polybistoris
1031 2099 1189 2201 memoria,
1210 2127 1242 2185 ut
1264 2120 1303 2184 il-

198 2227 257 2292 lius
269 2233 447 2292 testimoniis
458 2250 583 2318 prorsus
598 2249 704 2294 carere
717 2232 866 2311 possimus
874 2251 884 2309 3
903 2231 992 2293 immo
1005 2249 1217 2313 nonnunquam
1228 2225 1305 2294 alter

199 2327 240 2400 ex
258 2337 353 2401 altero
378 2317 561 2422 supplendus
582 2345 636 2402 est.
687 2337 733 2402 Ex
756 2338 803 2401 his
835 2338 1003 2423 fragmenta
1027 2338 1114 2406 nobis
1142 2348 1303 2406 servarunt

199 2445 360 2532 Eusebius,
381 2448 537 2535 Syoccllus
560 2455 590 2512 et
611 2455 640 2513 ut
661 2448 909 2514 videtur-nam
933 2449 971 2514 de
990 2450 1300 2518 ciusBcrosianorum

202 2556 287 2640 fonte
309 2577 370 2623 nou
392 2561 466 2623 sotis
495 2567 676 2624 constat-
698 2559 853 2642 Iosephus.
898 2560 1011 2635 Quibus
1047 2563 1174 2625 testibus
1212 2581 1300 2646 quum

205 2663 337 2731 berosus
358 2671 453 2751 primo
475 2669 553 2734 libro
577 2665 797 2733 Chaldaeorum
821 2669 858 2731 do
880 2669 982 2733 mundi
1008 2671 1165 2734 creatione
1181 2665 1300 2739 tabuus

204 2776 404 2861 tradidisset,
438 2782 469 2842 in
493 2779 587 2843 altero
616 2778 765 2861 tertioque
789 2778 946 2843 historiam
970 2783 1063 2862 ipsam
1090 2790 1300 2866 persequutus,

205 2887 371 2968 primordio
395 2907 494 2953 rerum
519 2890 625 2953 decem
660 2909 751 2974 reges
773 2889 943 2954 Chaldaeos
971 2908 1025 2972 per
1046 2909 1142 2955 annos
1164 2888 1301 2972 mabbo

201 2995 350 3082 Babyloni
371 2999 537 3081 imperasse
559 3000 661 3063 refert.
702 3000 773 3063 Post
793 3016 932 3082 magnam
955 2997 1064 3063 deinde
1084 3003 1214 3065 omnium
1236 3009 1302 3064 tcr·

202 3123 302 3171 rarum
324 3105 561 3187 inundationem,
583 3127 661 3190 quae
677 3111 731 3173 sub
746 3127 851 3173 eorum
868 3109 970 3173 ultimo
985 3107 1130 3174 Xisuthro
1153 3113 1300 3191 evenerit,

203 3233 294 3299 reges
317 3233 464 3300 regnasse
485 3217 526 3280 86
548 3237 577 3283 a.
602 3219 718 3297 aneso
736 3225 773 3300 ¹).
812 3218 881 3281 Post
903 3236 958 3282 eos
974 3218 1159 3305 Babylonem
1182 3228 1300 3304 captam

204 3339 273 3387 csso
296 3344 313 3388 a
337 3321 445 3404 Medis,
466 3343 593 3408 quorum
615 3327 734 3410 tyranni
750 3332 820 3392 octo
843 3327 1002 3393 habuerint
1019 3331 1179 3412 imperium
1194 3350 1221 3394 a.
1238 3325 1305 3407 994

204 3433 351 3516 siquidem
374 3435 533 3517 repudiato
554 3435 686 3521 Synoelli
707 3440 879 3502 testimonio
902 3440 1019 3522 (p.1tt
1035 3458 1081 3526 sq.
1106 3442 1156 3507 cd.
1174 3439 1299 3526 Boon),

205 3545 255 3623 qui
275 3549 306 3608 ut
325 3548 390 3610 suis
419 3546 543 3610 calculis
566 3550 667 3611 omnia
692 3547 905 3630 adaptarentur
926 3569 944 3613 a
967 3551 1135 3616 multifariis
1158 3551 1299 3618 mutatio-

203 3651 292 3719 nibus
305 3673 362 3719 nec
376 3657 406 3720 in
422 3659 605 3722 recensione
617 3658 705 3722 buius
720 3658 889 3742 dynastiae,
901 3667 932 3725 nt
948 3660 1094 3726 tralaticio
1110 3661 1204 3727 verbo
1220 3670 1298 3747 utar,

202 3782 261 3829 neo
280 3765 310 3828 in
334 3769 444 3832 ceteris
466 3785 535 3832 sese
552 3769 704 3845 abstln'uit,
718 3769 877 3833 Eusebium
899 3773 1052 3855 sequimur
1066 3779 1106 3852 ²).
1140 3769 1245 3837 Medos
1261 3777 1297 3838 11

201 3892 292 3958 rages
316 3880 474 3960 excepisse
497 3878 546 3962 qui
569 3897 608 3942 ex
630 3897 688 3962 qua
710 3885 803 3962 gente
819 3881 878 3944 orti
897 3879 1008 3945 fuerint
1031 3889 1161 3968 quotque
1176 3883 1300 3968 imperi-

200 4019 482 4032 *uu-—

198 4095 202 4104 ‘
255 4094 282 4167 1)
302 4096 336 4151 cf.
356 4095 398 4150 rr.
416 4097 445 4149 lr.
464 4096 506 4150 Gr.
527 4095 559 4152 11.
578 4115 606 4167 p.
626 4099 678 4153 503
697 4115 736 4169 sq.
774 4096 838 4152 Nam
858 4115 909 4152 uec
929 4097 1037 4152 Eusebii
1067 4116 1093 4168 p.
1115 4095 1147 4156 17
1166 4103 1207 4155 ed.
1227 4098 1297 4158 hott.

199 4205 202 4212 ’
300 4207 323 4247 a.
335 4193 433 4262 deust,
446 4210 497 4248 nec
511 4195 628 4262 syncelli
645 4212 670 4265 p.
684 4195 733 4252 147
747 4197 879 4253 cosona.
891 4212 914 4249 a.
926 4195 1160 4252 sessonensium
1178 4200 1211 4254 ob
1224 4217 1299 4256 erro.

302 4291 373 4346 ribus
391 4306 506 4346 vacuum
518 4307 579 4347 etse
599 4292 715 4352 odocar
737 4309 860 4349 uumerus
877 4309 956 4365 quam
968 4295 1106 4364 syncellus
1118 4297 1297 4363 mendosos

195 4401 199 4413 ·
255 4387 679 4462 operimentorum
1144 4387 1147 4394 ’
