3210 5012
632 411 877 486 ...37-

199 604 266 672 iam
287 622 327 670 ex
349 604 386 668 v.÷
406 603 440 668 Τ.
470 619 561 685 quum
582 601 747 666 biuversus
763 599 823 679 (ΙΙ,
841 601 869 680 1,
892 601 971 678 ,ibin
1003 594 1065 664 uim
1096 597 1239 664 Ewaidus
1261 598 1299 677 (i.

202 715 307 793 sib,
331 715 360 792 1,
383 733 412 795 p.
435 712 497 778 dtu
512 721 576 794 sq.)
605 710 696 794 regni
718 709 800 773 anno
824 709 956 772 tertio
985 703 1196 792 Hierosolyma
1217 704 1300 772 illurn

201 826 330 908 petiisse
351 825 562 900 coniecerant,
583 822 665 885 idem
685 839 766 883 nunc
788 821 1001 886 Rawlinsonus
1024 819 1152 900 (Athen.
1175 819 1196 882 1.
1220 837 1246 883 s.
1270 827 1302 883 et

208 936 348 1003 Ouilincs
367 936 404 998 of
422 933 474 998 the
488 934 597 1015 Asspr.
620 931 744 1014 Histcry
762 950 791 1013 p.
805 932 920 1013 dbsq.)
944 951 983 994 ex
1002 931 1203 1012 inscriptione
1224 931 1304 994 eruit

207 1051 347 1113 cuneata.
368 1043 484 1124 Aque,
507 1041 535 1104 si
549 1059 655 1104 verum
670 1047 763 1119 esset,
786 1042 867 1122 quod
883 1040 1032 1104 Eusebius
1056 1041 1085 1115 (i
1096 1058 1124 1121 p.
1138 1041 1179 1104 43
1191 1061 1237 1122 sq.
1245 1043 1302 1116 Α.)

203 1175 244 1220 cr
258 1154 448 1237 Polybistore
470 1152 606 1230 tradidit,
630 1149 872 1214 asanecharibo
894 1167 991 1232 usque
1010 1151 1049 1213 ad
1063 1151 1305 1217 Nebucadncua-

202 1283 270 1331 rem
293 1274 398 1328 amnis
420 1260 641 1343 comprehendi
665 1261 723 1340 88,
746 1261 856 1324 Berosi
879 1267 1064 1341 computus‚'
1080 1262 1130 1342 pui
1154 1279 1192 1324 eo
1213 1270 1302 1343 pecto

200 1379 286 1440 ann'o
309 1373 372 1440 692
394 1372 472 1451 (664
486 1390 516 1443 ÷
535 1372 622 1436 88=
637 1371 726 1450 699),
749 1372 797 1436 vel
820 1377 852 1432 ut
874 1371 937 1434 vuit
950 1371 1110 1434 Moversus
1131 1389 1212 1434 anno
1228 1372 1301 1452 693,

206 1481 528 1550 mnumSamcharibi
550 1481 678 1562 primum
701 1481 903 1557 adscriberet,
926 1479 1020 1564 longe
1039 1479 1222 1544 discederet.
1245 1481 1308 1546 Sed

204 1601 239 1660 ut
256 1593 427 1660 debuere
449 1593 545 1674 probe
563 1592 661 1672 possit
682 1589 813 1653 iudicari
826 1588 945 1673 singula
966 1598 1216 1670 percenseantur.
1239 1589 1305 1655 Eu-

204 1704 285 1773 sebii
306 1704 373 1780 (ed
393 1701 520 1766 bucher
542 1701 566 1780 Ι,
588 1697 630 1762 43
642 1711 707 1780 sq.)
736 1699 816 1762 enim
837 1699 932 1762 verba
965 1698 1043 1762 hacc
1064 1707 1152 1763 sunt:
1173 1703 1304 1781 „Verum

199 1813 411 1893 -ctteutporis
433 1811 537 1890 utique
555 1809 634 1871 ratio
658 1808 803 1872 convenit
827 1826 893 1870 cum
916 1809 1029 1887 verbis,
1055 1825 1133 1890 quac
1156 1830 1174 1872 a
1196 1810 1307 1874 Divina

204 1921 366 2005 Scriptura
387 1919 538 2002 dicuntum.
582 1917 701 1980 Etenim
722 1917 778 1980 sub
798 1916 913 1980 Ezekia
940 1918 1083 2001 regnavit
1105 1918 1307 1998 Sinecherim‚

206 2028 423 2110 utPoiybistor
446 2026 580 2106 exponit,
603 2025 690 2088 annis
713 2025 809 2089 xvlti
834 2032 864 2087 et
889 2032 958 2105 post
981 2045 1049 2088 eum
1071 2026 1208 2090 eiusdem
1226 2027 1305 2091 iilius

208 2137 299 2220 aunis
318 2135 394 2203 Vill.
438 2135 548 2199 Postea
573 2153 649 2198 vcro
673 2135 853 2216 Sammuges
877 2134 964 2198 annis
987 2135 1057 2198 XXI
1078 2142 1109 2199 et
1128 2135 1308 2201 irater'eius
1351 2117 1358 2126 ’

205 2246 296 2314 aunis
320 2245 401 2312 xxi.
456 2245 503 2306 Ac
535 2243 648 2306 deinde
671 2243 862 2324 Nabupelsar
895 2244 983 2306 ennis
1004 2244 1062 2309 XX
1092 2251 1123 2308 et
1146 2252 1215 2326 post
1235 2263 1304 2308 cum

203 2353 497 2423 Nabuccdrossorus
517 2353 607 2417 annis
640 2352 743 2417 XLlii.
799 2353 838 2416 A*
862 2352 1144 2419 Sinecherimo
1176 2373 1303 2437 usque

202 2466 250 2530 ad
298 2463 708 2532 Nabucodro'ssorum
755 2464 1161 2544 comprehenduntur
1208 2466 1303 2529 anni

208 2574 365 2641 omnino
388 2573 613 2638 Lxxxvttls'
805 2565 809 2576 ¹

307 2682 409 2761 „iuxta
428 2701 503 2746 vcro
526 2683 736 2748 Hebraeorum
758 2700 879 2764 (proque
899 2681 1005 2764 libros,
1030 2685 1057 2748 si
1080 2685 1147 2768 quis
1168 2685 1305 2773 diligen-

204 2798 254 2866 ter
276 2793 436 2874 exquirat,
457 2793 598 2858 similiter
622 2795 800 2875 comperiet.
818 2801 821 2806 '
852 2795 884 2858 si
915 2794 1038 2876 quidem
1057 2804 1126 2877 post
1146 2797 1302 2879 Eretriam,

203 2903 260 2985 qui.
280 2902 389 2984 reliqui
421 2902 542 2969 fuerant
565 2903 685 2968 Iudaeis
710 2903 839 2986 imperat
868 2904 1037 2984 Manasses,
1058 2905 1191 2970 Ezekiae
1213 2907 1303 2989 filius,

208 3012 297 3078 minis
314 3012 363 3076 LV
384 3031 422 3076 ac
444 3011 557 3078 deinde
576 3014 673 3080 Amos
695 3014 784 3078 annis
803 3014 859 3078 xil
891 3019 1011 3094 etpost
1035 3033 1103 3079 curn
1125 3016 1223 3080 losias
1246 3035 1305 3082 au-

206 3123 255 3186 nis
277 3120 379 3188 XXXI
399 3129 506 3202 postea
530 3142 605 3188 vero
628 3122 781 3188 loacbim:
804 3122 892 3186 cuius
912 3125 1003 3208 regni
1025 3125 1113 3189 initio
1136 3125 1305 3192 adveniens

206 3229 494 3302 Nabuchodonosor
506 3232 628 3296 obsedit
646 3231 823 3311 Ierusalem,
844 3232 1185 3317 captivosque‘luducos
1199 3236 1304 3320 Raby-

207 3338 308 3406 lonem
329 3340 424 3406 duxit.
448 3341 653 3406 Numerantur
673 3345 773 3404 autem
785 3342 824 3404 ab
834 3342 949 3406 Erebis
967 3362 1065 3426 uscire
1087 3345 1125 3409 cd
1139 3346 1307 3410 Nabucho-

210 3449 398 3518 donosorum
427 3449 500 3514 anni
520 3448 720 3532 cxxxviii,
744 3468 839 3532 quos
883 3470 1014 3517 annos
1053 3455 1234 3518 nimirum
1263 3463 1303 3518 et

207 3557 297 3640 ipsc
343 3561 584 3644 Polybietor
621 3579 667 3626 cx
714 3561 949 3627 Chaldaicis
998 3566 1301 3630 commentariis

207 3672 482 3748 compererim
1164 3725 1168 3732 .

219 3828 224 3850 ,
305 3777 649 3864 tantundemque
673 3797 747 3848 sese
769 3798 821 3846 res
847 3781 956 3865 habet,
986 3785 1019 3847 id
1039 3784 1220 3850 dubitationi
1243 3787 1303 3852 ob-

207 3886 330 3952 noxium
353 3905 418 3950 non
437 3907 508 3954 esse
526 3889 666 3971 efficitur,
690 3891 764 3974 quin
785 3912 804 3957 a
824 3891 978 3956 beroso
1000 3893 1088 3974 ipso
1111 3900 1138 3973 ¹)
1166 3895 1239 3958 unni
1257 3896 1300 3960 88

262 4075 288 4145 1)
308 4071 372 4126 nam
401 4089 435 4126 nc
453 4075 485 4128 dc
512 4076 678 4143 Polybiutorc
703 4079 848 4146 cogitemus
876 4077 985 4131 Eusebii
1013 4079 1189 4132 testimonium
1207 4084 1246 4149 (p.
1265 4081 1300 4137 to

308 4170 420 4245 ducii.):
441 4171 537 4233 „Peme
565 4173 642 4226 sicuti
660 4175 772 4228 Berosus
803 4175 836 4227 dc
858 4189 940 4242 reguo
966 4173 1157 4230 Chaldaeorum
1183 4177 1299 4232 breviter

296 4267 417 4336 'niuniu
436 4268 531 4344 tradit,
559 4272 622 4326 item
649 4279 676 4326 et
703 4270 854 4341 Polybistor
871 4271 964 4330 eodem
986 4251 1077 4330 modos
1089 4273 1225 4331 describit·
1244 4290 1308 4346 pro.
