3210 5012
738 397 983 470 ..10-

311 571 376 640 αόά
393 613 403 651 ,
422 573 520 654 τριῶν
542 576 642 640 τῶνδε
663 581 818 661 μεγίστων
841 580 1036 664 ἡγεμονιῶν,
1055 588 1104 659 εἰς
1120 585 1331 671 Ἀλέξαιδρον
1345 583 1408 652 ’τὸν

315 679 475 748 Φιλίππου
498 689 743 768 συντιθεμένων,
768 691 839 752 ou'd’
860 682 901 754 iio
921 689 938 754 ri
949 689 1068 776 χρόνος
1087 697 1228 779 corbecce
1247 699 1311 760 τοῖν
1333 699 1409 762 aas

311 794 426 860 ciclum
436 793 513 858 s'roic
524 787 584 860 ὅσα
609 798 678 862 ἐστι’
692 802 855 880 Ρωμαίοις
878 803 923 877 εἰς
942 800 998 867 τὸν
1019 803 1162 888 παρόντα
1180 805 1306 890 χρόνον.
1330 811 1406 875 Nan

292 919 400 984 -quum
423 921 477 984 per
499 922 595 970 annos
618 910 739 973 circitor
755 911 815 974 930
837 920 869 976 ut
886 915 1024 978 rotundis
1044 922 1177 982 numeris
1200 927 1266 984 utar
1282 921 1406 1002 Nersae,

310 1028 366 1092 pur
388 1029 416 1076 a.
436 1015 495 1078 tob
515 1015 671 1081 Medorum
689 1037 780 1102 reges
799 1023 995 1104 principatum
1019 1030 1184 1108 tenuerint,
1209 1030 1405 1113 Assyriorum

309 1121 446 1204 irnperio,
467 1130 499 1188 ut
515 1124 578 1190 900
594 1145 622 1192 u.
645 1147 759 1194 summa
784 1140 924 1215 eruatur,
946 1154 974 1199 a.
995 1137 1200 1219 relinquuntur
1219 1141 1289 1204 bib.

749 1342 947 1358 m

724 1511 758 1586 11.
807 1513 851 1584 bo
872 1511 986 1586 diesis.

388 1672 539 1758 ¹Abiorum
553 1675 698 1758 Assyriae
719 1678 866 1740 historiae
889 1678 1002 1742 ionum
1019 1679 1140 1742 Ctesias
1162 1680 1265 1760 operis
1285 1695 1402 1761 suppo-

308 1781 590 1868 ditantrsliquiae,
627 1786 707 1868 quod
732 1785 880 1868 Περσικά
912 1789 1085 1870 inscriptum
1111 1807 1128 1852 a
1151 1789 1229 1854 Nino
1251 1807 1326 1872 rega
1349 1805 1405 1856 us·

309 1892 432 1982 quency!
455 1893 501 1958 01.
523 1894 616 1974 cmc
651 1914 703 1960 res
723 1897 935 1978 Assyriorum,
962 1899 1138 1978 Medorum,
1173 1900 1328 1964 Persarum
1362 1902 1405 1966 ita

308 1991 506 2080 recensebat,
528 2010 559 2066 ut
579 2022 658 2085 quae
679 2004 728 2068 iiie
750 2023 804 2086 per
822 2024 919 2070 anuos
935 2007 971 2069 17
995 2008 1073 2088 apud
1092 2007 1293 2072 Artaxerxem
1318 2011 1404 2074 Nus.

307 2127 427 2178 monem
459 2121 661 2178 commoratus
692 2115 731 2180 da
753 2117 791 2180 iis
822 2117 870 2180 vat
900 2117 1042 2196 viderat,
1077 2117 1125 2181 vet
1153 2117 1403 2197 percunctatione

306 2223 543 2304 acconensium
563 2240 602 2286 ex
618 2224 745 2290 Persicis
767 2227 925 2291 annalibus
944 2227 1085 2292 hauserat
1106 2226 1271 2307 perscripta
1290 2232 1402 2292 emant.

308 2335 409 2410 Quare
430 2351 519 2414 quum
540 2335 763 2416 subsidiorum,
792 2337 899 2419 quibus
921 2344 987 2402 erat
1004 2339 1188 2417 instructus,
1220 2337 1403 2416 praestantia

305 2429 396 2528 utque
413 2447 501 2526 copia
520 2446 727 2530 iogograpbos
743 2454 775 2512 ot
787 2448 973 2513 Herodotum
993 2451 1145 2514 videretur
1165 2463 1323 2528 superare,
1343 2463 1403 2510 nec

307 2573 410 2620 eorum
435 2557 591 2638 quisquam
614 2564 673 2620 tam
708 2559 804 2624 ubere
826 2575 878 2622 res
901 2559 1045 2640 assyrias
1071 2563 1306 2638 pertractasset,
1345 2573 1403 2623 nee

305 2672 463 2748 posterum
487 2667 546 2730 nisi
566 2668 694 2742 Boreae,
716 2671 766 2750 qui
789 2675 887 2732 tomen
908 2669 1037 2732 subinde
1058 2671 1171 2734 tuntum
1192 2683 1294 2732 earum
1313 2684 1403 2734 meu.

304 2777 419 2839 tionem
458 2775 585 2859 iniecit,
625 2777 806 2858 scriptorum
840 2778 977 2860 cuiquam
1013 2778 1086 2840 novi
1117 2778 1217 2840 tontes
1255 2783 1402 2857 paterent,

305 2885 376 2968 quid
412 2886 517 2968 mirum
554 2887 635 2967 quod
663 2893 725 2949 tota
760 2905 865 2950 eorum
899 2888 1012 2966 turba,
1053 2889 1102 2967 qui
1135 2892 1202 2968 post
1237 2903 1303 2950 euru
1334 2884 1401 2949 iiius

304 3008 358 3059 res
388 3009 581 3077 exposuere,
632 3013 670 3057 ex
701 2994 752 3058 iiio
785 2995 929 3076 pendet?
984 2995 1122 3058 Omnium
1164 2999 1262 3056 autem
1298 2996 1404 3076 proxi-

305 3123 354 3170 me
384 3121 402 3168 a
436 3103 555 3168 ctesias
591 3105 727 3188 vestigiis
763 3105 917 3170 Diodorus
948 3102 983 3182 N,
1004 3107 1024 3168 2
1047 3122 1092 3186 sq.
1131 3104 1249 3168 uidetur
1279 3105 1400 3185 obesse,

306 3217 391 3281 ouius
412 3216 617 3280 narrationum
639 3216 733 3278 semel
756 3221 868 3280 tantum
890 3233 929 3277 ex
945 3215 1134 3296 Pciyhistore
1145 3221 1172 3295 ¹)
1195 3215 1401 3296 supplemento

304 3329 419 3418 petito,
440 3327 544 3407 paucis
566 3327 809 3410 complectemur.
856 3326 958 3410 itaquo
988 3333 1094 3392 autore
1117 3323 1218 3390 Gtesiu
1255 3323 1402 3407 principio

304 3456 406 3506 rerunt
430 3455 520 3519 quum
555 3436 700 3522 indigena
729 3438 759 3503 in
781 3437 855 3502 Asia
875 3454 970 3517 regna
994 3439 1071 3505 intra
1101 3455 1186 3506 suam
1210 3436 1318 3517 cuique
1341 3453 1402 3519 pa-

306 3552 392 3612 triam
416 3547 593 3632 finirentur,
628 3549 739 3629 primus
767 3546 863 3612 Ninus
880 3547 1076 3628 Assyriorum
1106 3545 1340 3614 dominationem
1364 3546 1402 3609 ad

305 3673 452 3724 summum
473 3657 626 3742 fastigium
648 3658 760 3722 evexit.
808 3657 865 3732 Qui
895 3671 983 3737 quum
1006 3661 1126 3737 praeter
1147 3654 1239 3718 indus
1263 3654 1401 3722 Bactria-

306 3783 424 3853 nosquu
451 3780 558 3832 omnies
577 3769 656 3831 intra
670 3767 784 3831 'tanain
798 3765 955 3848 Nilumque
968 3767 1062 3829 Asiae
1081 3772 1190 3847 gentes
1206 3781 1352 3830 annornm
1364 3766 1401 3830 17

303 3879 405 3963 'spatio
427 3875 485 3942 sibi
502 3876 712 3958 subdidisset,
743 3878 848 3940 urbem
871 3877 909 3939 ad
932 3876 1114 3958 Euphratem
1136 3877 1292 3956 condidit,
1313 3892 1400 3956 quarn

307 4011 346 4056 cx
366 4010 399 4055 se
422 3989 528 4055 Ninum
551 3985 718 4071 appellavit.
778 3988 895 4058 Deinde
918 3983 1027 4052 Bactra
1053 4007 1173 4075 quicque
1196 3986 1400 4054 Semiramidis

305 4100 482 4186 praesertim
505 4100 614 4164 virtute
635 4106 724 4186 atque
743 4098 907 4162 calliditate
923 4105 1092 4184 expugnata
1116 4098 1206 4180 iilum,
1227 4112 1304 4182 quae
1321 4097 1398 4159 ber.

310 4249 604 4274 *bn—mum

365 4324 392 4400 ι)
416 4323 451 4387 u.
470 4323 815 4398 insurrecturum.
836 4324 961 4386 nonni.
984 4285 1102 4397 sunni.
1119 4339 1148 4396 ι.
1159 4321 1211 4382 uso
1230 4321 1272 4383 su.
1290 4285 1410 4384 osunen.
