3210 5012
647 427 870 500 ...5-

210 635 301 704 quum
317 619 444 702 Aternio
464 619 582 685 demum
604 618 730 682 subnoto
754 618 820 682 lieri
840 620 975 701 potuisse
998 623 1233 683 consentaneum
1257 616 1308 698 eit,

209 729 316 794 Ninum
337 737 435 794 eutem
458 737 528 813 post
559 729 661 812 pulsos
699 729 817 791 demum
848 729 977 812 Scythas
1012 734 1214 812 expugnatam
1237 743 1307 790 esso

211 847 331 906 constet
352 841 409 919 (oi.
430 841 499 908 Hor.
519 840 542 920 t,
566 840 654 918 106),
678 839 834 904 Herodoto
857 842 883 903 si
906 839 1061 903 Medorum
1083 839 1121 901 de
1142 843 1231 902 tote
1253 856 1308 901 su-

209 952 331 1033 periore
352 950 425 1014 Asie
450 950 605 1032 imperium
630 950 732 1013 verbis
754 942 907 1033 ἄρξοντος
934 951 990 1032 τῆς
1018 942 1084 1012 ἅνω
1109 942 1228 1022 ’Ἅλυος
1248 968 1308 1010 πο-

210 1061 315 1140 round
336 1059 445 1144 Ἀοιής
476 1059 633 1142 complenti
666 1061 830 1139 voluisset,
861 1059 1038 1141 Soyttrerum
1072 1059 1307 1123 dominationem

211 1187 273 1232 non
295 1171 485 1233 eximendam
510 1169 606 1234 fnisse
628 1170 817 1233 menifestum
838 1175 894 1232 est.
931 1168 1033 1250 itaque
1055 1169 1196 1250 quoniam
1217 1168 1307 1250 paulo

210 1279 299 1345 letius
320 1282 481 1346 verborum
504 1277 620 1344 ittorum
644 1282 689 1343 vis
712 1286 814 1363 potent
835 1298 964 1343 necesse
987 1287 1050 1359 est,
1085 1297 1183 1363 nequo
1204 1287 1305 1342 temen

209 1397 270 1456 tum
290 1392 383 1456 Asine
404 1391 526 1454 domine
551 1409 622 1454 esso
656 1391 718 1456 diei
750 1391 845 1474 potnit
873 1392 974 1468 notio,
1004 1408 1092 1471 quum
1124 1407 1170 1452 ne
1198 1407 1306 1453 unam

211 1501 331 1583 quidem
351 1501 494 1566 dsinnem
518 1509 640 1585 gentem
666 1503 698 1564 in
721 1501 835 1565 ditione
857 1499 1007 1580 heberet,
1033 1518 1100 1564 eum
1122 1501 1305 1563 necessitate

209 1613 344 1695 sequitur
359 1631 376 1676 e
391 1612 583 1677 Phraorte
600 1613 651 1694 qni
661 1613 766 1675 Asiani
781 1612 898 1692 imperii
918 1617 1006 1674 autor
1019 1611 1084 1686 fuit,
1094 1609 1165 1674 iilud
1180 1613 1307 1693 spatium
1367 1625 1370 1629 ·

210 1741 280 1788 eree
304 1724 512 1806 repetendum.
560 1722 698 1800 decedit,
720 1722 801 1802 quod
828 1721 866 1783 de
889 1723 1017 1786 totius
1037 1722 1201 1803 superioris
1212 1722 1306 1784 Asiae

209 1834 364 1899 dominntn
377 1851 418 1896 no
430 1834 511 1897 inest
523 1833 641 1913 quidem
665 1832 694 1893 in
710 1831 810 1894 verbis
825 1813 995 1915 quinquin,
1017 1849 1119 1894 verum
1132 1831 1305 1895 Herodotus

211 1961 299 2026 quum
322 1943 430 2006 tiodos
450 1942 488 2005 eb
512 1958 550 2004 eo
574 1942 645 2004 inde
670 1958 750 2004 enno
773 1943 971 2025 qoonssyrta
995 1959 1115 2024 quoque
1134 1960 1152 2004 ο
1168 1942 1306 2024 cyoxere

210 2059 357 2134 οοοοροῑο
381 2059 437 2132 est,
460 2053 552 2116 totins
574 2051 692 2116 demum
717 2054 883 2134 superioris
896 2051 988 2116 Asiae
1012 2051 1222 2115 moderatores
1243 2069 1304 2115 vo-

209 2164 347 2238 caverit,
379 2164 438 2226 iam
460 2170 618 2246 postquem
639 2161 801 2225 Phraortes
823 2179 912 2224 suem·
928 2169 1048 2244 gentem
1074 2163 1167 2225 Asiae
1198 2161 1306 2225 reddi·

209 2273 253 2334 dit
274 2272 528 2352 potentissimam,
563 2272 657 2334 notae
683 2271 834 2335 dominam
858 2288 924 2334 eom
954 2271 1121 2354 oppetierit.
1167 2273 1213 2334 De
1246 2289 1307 2352 quo

207 2398 246 2443 ne
269 2381 335 2461 quie
359 2379 473 2442 dubitet
498 2387 666 2462 opportune
688 2382 753 2462 ipse
775 2381 841 2442 eius
863 2381 956 2444 verbe
978 2381 996 2448 Ι,
1013 2379 1061 2459 IV,
1082 2385 1107 2444 t.
1125 2385 1305 2444 oecurrente

208 2480 296 2554 οὗτοι
308 2485 548 2572 γὰρ-(εοΜοᾱί)
564 2488 637 2572 πρὶν
651 2480 671 2573 ἢ
684 2488 811 2562 Σκύθας
821 2489 992 2554 ἀπικέσθαι
1006 2482 1104 2573 ἦρχον
1121 2491 1175 2574 τῆς
1186 2488 1305 2574 Ἀσίης.

209 2599 313 2680 Neque
337 2600 425 2663 deest
446 2599 635 2682 exomptnm,
665 2617 725 2681 qno
746 2618 782 2663 ee
805 2601 925 2663 ratione
949 2617 1012 2662 non
1033 2601 1128 2664 semet
1149 2600 1304 2683 loquutum

208 2726 276 2774 enm
299 2709 392 2774 tuisse
413 2711 568 2792 probetur.
616 2710 676 2778 nt
698 2711 779 2773 enim
802 2727 828 2778 ο.
856 2710 914 2774 130
937 2711 1045 2774 Perses
1066 2710 1219 2775 Medorum
1243 2712 1304 2775 im-

205 2819 297 2904 porto
320 2835 431 2883 everso
464 2821 584 2884 iamiam
604 2821 698 2884 Asine
729 2827 819 2904 atque
843 2821 932 2904 poulo
954 2828 1023 2903 post
1043 2822 1160 2886 Croeso
1185 2839 1304 2906 quoquo

207 2929 327 2994 devicto
350 2930 441 2994 totius
463 2929 557 2994 Asino
578 2915 787 3013 imperotores'
801 2930 894 2995 fuisse
915 2931 1053 3015 tegimus.

306 3040 399 3122 Spatii
422 3041 514 3124 igitur
534 3043 669 3104 terminis
693 3043 862 3105 constitutis
885 3048 915 3104 ut
946 3041 985 3104 de
1017 3058 1164 3105 annorum
1188 3062 1303 3108 summo

207 3157 291 3214 reete
314 3149 443 3213 indioori
462 3152 560 3232 possit
581 3150 772 3214 Vetolrenerii
805 3152 954 3213 sententio
986 3151 1118 3215 breviter
1143 3152 1304 3218 refutando

206 3267 263 3340 etti,
286 3261 336 3344 qui
359 3260 379 3323 Ι.
402 3259 414 3321 Ι
434 3277 461 3322 ο.
490 3260 550 3324 106
571 3260 699 3323 vorbis:
736 3257 816 3340 μετὰ
850 3259 885 3323 δὲ
915 3262 1014 3325 ταῦτα
1040 3260 1228 3346 Κοαξάρης’
1244 3265 1305 3344 μὲν

205 3351 400 3449 βασιλεύσας
435 3366 667 3453 τεσσεράκοντα
690 3365 762 3433 ineo
792 3367 852 3434 οὐν
878 3378 961 3435 τοῖσι
985 3369 1107 3436 Σκύθαι
1130 3362 1228 3456 ἦρξαν
1249 3396 1304 3437 το.

206 3479 324 3564 Monoi,
358 3477 525 3562 Gyexerom
548 3477 589 3542 68
609 3496 708 3542 nonos
736 3480 986 3562 regnasse'eiiiei
1017 3484 1183 3547 contendit.
1226 3483 1302 3548 Nam

208 3603 297 3668 quum
320 3605 358 3652 ex
380 3607 418 3653 en
438 3591 581 3671 opinione
604 3589 776 3654 Herodotus
797 3597 828 3653 ut
847 3597 940 3655 totum
953 3592 1099 3675 Gyaxeris
1118 3595 1204 3677 regni
1227 3599 1302 3658 tem·

1007 3702 1051 3758 eblo

305 3803 363 3840 νων
382 3771 559 3857 ἅρχειντιῖν
578 3785 694 3854 Μήδιον,
720 3781 788 3842 otttd
808 3789 1052 3862 στρατευσάμενος
1070 3791 1117 3846 tut
1136 3785 1202 3852 τούς
1220 3791 1303 3863 nto·

310 3897 363 3942 σος
375 3883 517 3954 πρώτοισί
532 3883 700 3941 τοιούτοισι
715 3886 880 3952 ἐπεθήκατο,
900 3889 948 3941 καὶ
964 3886 1215 3960 πρότοοςΜῆδιον
1227 3887 1300 3958 rinn-

307 3979 392 4039 τόοος
411 3980 535 4048 ἐποίησε.
563 3972 633 4055 μετὰ
653 3979 685 4035 dt
704 3983 777 4054 ἔχων
795 3981 847 4037 d‘o'o
867 3983 954 4037 τοῦτο
971 3984 1067 4039 ’ἔθνεα
1085 3989 1134 4039 τοι
1153 3984 1301 4059 ἀμφότεροι

299 4071 411 4147 ’ἰσχυρὰ
433 4079 639 4150 κατεστρέφετο
655 4071 706 4144 τὴν
716 4075 813 4145 Ἀσίην
831 4077 879 4134 ἀπ’
890 4078 975 4135 ἄλλον
994 4079 1038 4136 ἐπ’
1050 4078 1115 4137 dtto
1135 4074 1188 4138 ἰὼν
1205 4084 1297 4151 ἔθνος,

305 4175 333 4232 n
352 4171 368 4228 d
386 4173 632 4247 στρατευσάμενος
653 4176 700 4230 ἐπὶ
720 4171 787 4237 τούς
804 4175 970 4249 Ἀσσυρίους
990 4183 1041 4231 oet.
1079 4178 1101 4242 Ι,
1122 4178 1187 4233 10³:
1214 4169 1297 4242 οὗτος

306 4275 357 4342 (το.
376 4271 521 4339 cyaxaren)
552 4269 663 4327 στοτσι
682 4274 809 4329 Andotot
840 4276 901 4330 tore
925 4275 1126 4350 μαχεσάμενος
1153 4283 1190 4319 -“·
1215 4279 1297 4336 καὶὸ

308 4363 360 4438 την
372 4365 478 4431 utone
489 4357 630 4444 ἶτῐοτομοῦ
649 4358 712 4432 iro
730 4355 827 4442 ’Ἀσίην
845 4355 944 4432 aanor
962 4352 1104 4445 averrione
1121 4353 1227 4451 1ἓοοίρῑ.Ι
1248 4357 1250 4364 “
