3210 5012
640 423 864 496 ..9-

204 614 300 692 unni,
317 613 368 695 qni
387 613 467 695 qood
488 614 536 678 'at'
551 626 700 678 annorum
723 611 763 678 95
784 629 898 676 somma
921 613 1062 696 quae‚si
1086 612 1116 677 id
1138 614 1223 696 quod
1242 613 1305 678 tna

205 724 364 808 probabile
385 741 446 788 non
474 731 521 787 est
543 740 623 788 enno
646 723 798 787 Piraortis
817 724 907 787 tertio
929 725 1021 788 Asiae
1042 725 1198 806 imperium
1221 719 1302 788 liudi

208 835 267 900 sibi
293 841 517 915 compararunt,
536 834 680 912 efficitur,
703 835 834 916 quinque
854 835 941 896 annis
960 835 1115 916 recedunt,
1137 851 1227 897 nerno
1244 835 1303 897 mi.

207 944 339 1025 rabitur,
362 947 411 1025 qui
430 943 589 1008 rotundum
618 961 772 1008 numerum
806 961 844 1005 eo
867 944 936 1006 loco
957 945 1069 1026 requiri
1092 944 1149 1007 sibi
1173 961 1305 1026 persua-

208 1055 283 1118 serit
303 1060 341 1132 ¹).
386 1053 446 1116 Sed
469 1055 587 1117 etiamsi
609 1055 650 1118 ita
673 1055 766 1118 rerba
790 1053 966 1136 retingenda
992 1071 1052 1117 non
1076 1059 1189 1134 essent,
1211 1056 1302 1122 exiis

208 1169 307 1226 tamen
329 1181 407 1248 quae
424 1179 514 1244 supra
536 1164 751 1244 disputavimus
768 1171 800 1226 ot
825 1169 995 1227 ceterorum
1010 1165 1052 1226 ita
1073 1162 1211 1244 Hupieldi
1227 1179 1305 1226 sen·-

213 1274 306 1336 tentia
326 1291 381 1356 per
406 1274 425 1338 6
446 1280 558 1336 tantum
578 1291 675 1337 annos
696 1272 800 1336 liedes
823 1275 888 1336 sine
918 1275 1041 1356 regibus
1064 1272 1158 1336 luisse
1182 1273 1305 1338 delendi

210 1398 272 1446 non
310 1390 422 1463 posset.
477 1384 580 1466 Neque
610 1385 722 1447 firmius
752 1400 822 1446 esse
852 1383 976 1447 alterum
1012 1401 1072 1465 quo
1094 1384 1198 1448 nititur
1231 1383 1305 1449 lun-

212 1494 380 1556 dementum
398 1493 466 1557 dico
480 1492 624 1558 Herodoti
640 1511 706 1556 cum
724 1494 853 1574 losepho
869 1508 1064 1570 consensum,
1076 1493 1155 1556 inira
1172 1495 1302 1574 patefiet.

168 1577 179 1616 Ι
211 1603 315 1684 itaque
342 1610 373 1666 ut
400 1604 437 1667 ad
470 1622 507 1666 ea
530 1622 547 1666 a
570 1605 677 1686 quibus
703 1603 806 1666 exorsi
837 1620 938 1666 sumus
967 1602 1127 1665 redeamus
1162 1604 1189 1665 si
1224 1621 1304 1667 anno

212 1713 292 1777 1273
312 1713 456 1796 Assyrios
476 1714 549 1777 Asia
569 1714 681 1794 potitos
703 1730 793 1790 esse,
824 1711 909 1774 annis
937 1711 997 1776 520
1031 1718 1099 1793 post
1119 1711 1224 1775 Medos
1248 1713 1304 1776 de-

209 1823 342 1899 iecisse,
376 1830 446 1905 post
478 1840 586 1885 annum
621 1823 750 1902 deniqne
771 1822 832 1886 607
854 1822 989 1886 Ninivem
1012 1823 1050 1884 ab
1078 1823 1115 1884 iis
1149 1840 1305 1905 expugna·-

152 2005 156 2014 ,
208 1939 268 1996 tom
298 1949 369 1994 esse
405 1934 585 2006 statuimus,
618 1931 656 1993 ab
678 1931 823 1994 Herodoti
847 1934 997 1995 sententia
1034 1949 1095 1995 non
1125 1933 1305 1998 recedimus.

211 2042 352 2106 ceteram
367 2041 515 2122 duplicem
538 2042 714 2104 memoriam
738 2058 777 2103 ex
798 2041 909 2122 duplici
926 2041 1009 2105 lente
1031 2041 1216 2124 desumptam
1234 2059 1301 2106 eum

209 2152 404 2216 coniunxisse
423 2151 484 2214 iarn
506 2169 546 2213 ex
567 2152 652 2215 lrisoe
672 2157 806 2232 apparet.
849 2152 924 2213 Nam
945 2149 983 2212 de
1003 2151 1080 2214 Nino
1104 2152 1182 2234 apud
1202 2152 1304 2234 Lydos

211 2263 382 2336 audiverit,
406 2268 511 2324 eontra
534 2278 611 2342 quae
633 2263 671 2323 de
692 2261 754 2324 520
777 2278 804 2328 a.
827 2261 952 2342 imperio
981 2259 1154 2326 referuntur
1173 2263 1306 2346 Babylo·

209 2371 327 2435 nicrum
350 2370 455 2432 deleri
476 2369 634 2432 annalibus
649 2388 689 2432 ex
704 2371 780 2434 miro
794 2370 899 2435 Berosi
911 2388 1064 2434 consensu
1082 2370 1160 2435 inira
1176 2373 1304 2437 demon.

208 2486 332 2545 stratum
346 2482 464 2544 ibimus.
495 2480 641 2543 tlerodoti
654 2479 787 2544 calculos
801 2499 872 2544 esse
885 2488 1029 2563 sequutus
1043 2498 1109 2544 cum
1124 2483 1306 2548 confidentia

209 2593 363 2674 Appionus
376 2595 489 2654 tantum
502 2591 562 2655 dici
575 2593 742 2672 potest‚qui
754 2590 946 2654 inltomanae
960 2589 1105 2654 historiae
1117 2592 1305 2672 praelatione

210 2720 237 2766 e.
260 2701 279 2763 9
299 2700 375 2764 llaec
397 2700 539 2764 exhibet:
572 2699 759 2783 Ἀσσυρίων
787 2721 821 2764 τε
843 2691 887 2763 od
907 2702 962 2764 nui
984 2701 1111 2784 Μήδων
1133 2698 1190 2766 καὶ
1211 2707 1306 2787 Περ.

265 3017 292 3085 1)
311 3015 352 3068 Ex
371 3021 425 3068 tota
443 3015 492 3068 lrac
511 3013 688 3082 disputatione
708 3011 937 3083 intelligiturque
960 3011 1017 3063 iure
1042 3009 1219 3080 Gumpachius
1249 3011 1306 3084 (die

309 3112 507 3183 Zeitreolrnuop
525 3113 571 3164 der
580 3111 740 3181 Babylonier
753 3126 779 3162 u.
791 3109 922 3176 Assyrisr,
941 3106 1103 3178 Heidelberg
1113 3109 1190 3162 1852.
1205 3125 1231 3178 p.
1243 3107 1307 3179 tlt)

309 3210 404 3262 nodum
423 3210 459 3260 ita
478 3209 584 3273 solvat,
613 3216 641 3259 ut
661 3207 769 3259 Deiocis
788 3221 812 3256 a.
832 3205 867 3258 53
886 3220 995 3274 regnum
1014 3205 1088 3256 annis
1112 3205 1147 3258 20
1163 3206 1263 3257 minuat
1281 3212 1309 3257 et

308 3321 356 3375 pro
373 3297 527 3376 signo-NT
546 3293 601 3358 ’ΛΤ
624 3311 743 3370 reponat.
780 3301 842 3354 llam
869 3317 946 3369 quum
972 3301 1157 3354 consummatis
1176 3302 1266 3370 regnis
1284 3317 1307 3354 a.

310 3402 353 3466 35,
376 3399 471 3467 22,10
490 3408 517 3452 et
536 3400 571 3454 33
592 3414 718 3451 annorum
740 3398 789 3452 130
808 3413 907 3450 summa
920 3397 1050 3450 elliciatur
1068 3398 1156 3451 verbis
1173 3397 1308 3470 ἄρξαντες

310 3517 333 3551 τ.
354 3497 382 3552 ἄ.
395 3497 454 3555 'AL
472 3515 535 3552 nou.
554 3495 613 3554 'Am
635 3493 677 3552 ἐπ’
697 3497 759 3552 ἔτεα
780 3495 831 3549 128
849 3495 939 3568 πάρεξ
957 3491 973 3562 ἢ
991 3491 1060 3550 ὅσον
1079 3495 1108 3550 ol
1125 3495 1236 3549 saccea
1254 3489 1308 3567 ἧρ-

271 3619 275 3628 ’
306 3611 359 3664 χον
377 3594 411 3646 alr
430 3591 506 3646 anais
524 3593 647 3646 Asiani
679 3593 782 3661 imperii
803 3591 854 3645 128
873 3590 982 3645 duorum
1011 3602 1139 3643 annorum
1165 3589 1306 3658 Scythicas

310 3690 336 3740 iu
355 3689 426 3744 solos
439 3683 555 3744 dide·
574 3689 758 3743 dominationis
780 3690 972 3756 exemptione·
991 3686 1132 3756 significari
1152 3687 1307 3758 (teo-¹28

310 3815 347 3844 a
364 3788 393 3858 2)
419 3787 472 3842 sibi
500 3787 631 3855 persuasit
656 3800 710 3840 non
739 3786 822 3856 magis
849 3801 877 3838 ιι.
893 3787 941 3853 τῆς
967 3783 1028 3842 ἄνω
1048 3781 1156 3846 Ἅλυος,
1174 3787 1306 3862 ποταμοῦ

307 3881 402 3952 Ἀσίης
420 3899 496 3954 quam
516 3900 541 3937 v.
559 3885 650 3955 πάρεξ
668 3881 684 3951 ἢ
702 3882 772 3940 ὅσον
785 3884 838 3936 rim
853 3883 1057 3954 persentiscens.
1093 3881 1186 3952 ltaque
1201 3897 1233 3936 eo
1251 3883 1307 3937 lul-

312 3981 379 4032 eitur
403 3979 450 4032 illa
487 3981 553 4032 ratio
581 3981 650 4049 quod
678 3994 711 4032 ex
742 3995 773 4031 aa
799 3979 905 4034 Deiecto
935 3995 1059 4034 accessus
1086 3994 1156 4032 anuo
1173 3979 1243 4034 xlv.
1264 3981 1309 4033 iu-

310 4077 380 4130 cidat
398 4075 530 4130 llezelriae
549 4079 584 4149 (a.
603 4076 669 4146 690)
693 4113 702 4141 ,
732 4092 783 4146 qno
806 4077 895 4130 liedes
920 4077 952 4129 ab
974 4078 1089 4144 Assyriis
1108 4077 1240 4130 deiecisse
1269 4094 1302 4130 ex

308 4174 423 4244 recepto
441 4175 473 4227 a.
492 4173 512 4226 1.
532 4175 564 4237 x,
585 4175 648 4239 aa
676 4181 787 4226 conare.
824 4173 889 4227 nam
921 4173 1066 4226 neronem
1095 4157 1199 4244 qurum
1228 4175 1305 4228 nors.

312 4273 426 4326 etionsur
437 4273 489 4324 ianr
507 4277 584 4323 autea
600 4269 724 4323 creuisse
740 4269 860 4343 docet(l,
871 4267 1066 4342 copiosorum
1084 4279 1216 4326 autem'eo
1234 4279 1305 4324 tem.

224 4365 228 4372 '
268 4364 273 4372 ’
312 4353 377 4441 po'rd
395 4352 452 4425 earu
473 4351 569 4424 lactant
581 4364 641 4425 ess‘e
655 4373 711 4423 'noo
734 4355 811 4423 docet
829 4357 906 4442 (olda
921 4353 1012 4442 loiret
1061 4356 1076 4372 ”
1186 4380 1189 4393 ·
1233 4359 1238 4377 '
