3210 5012
280 579 336 648 pus
372 561 680 644 comprehenderetur
714 562 754 626 ad
787 557 1061 628 annositati}
1091 562 1197 645 quibus
1233 577 1295 627 nun
1329 562 1380 635 itte

283 674 339 740 sed
360 673 490 756 Scythae
513 673 657 736 dominati
687 675 764 754 sint,
798 672 917 736 disertis
945 673 1045 738 vcrltis
1079 673 1149 738 addi
1172 673 1305 737 voluisse
1323 691 1381 756 pu-

284 782 393 848 tandus
420 789 523 857 esset,
546 781 762 846 Valckenarius
779 783 876 863 magis
898 783 961 846 suis
979 782 1120 864 calculis,
1141 801 1228 864 quam
1252 783 1378 864 simplici

285 910 439 976 ueraeque
460 891 653 974 explicationi
672 892 851 972 sentcntiae,
874 909 931 973 qna
945 894 1121 975 Scytharum
1139 895 1256 974 imperii
1276 911 1372 956 annos

285 1005 325 1070 28
347 1001 490 1068 ernisto
517 1001 629 1064 includi
647 1002 844 1084 significatur,
868 1005 1032 1086 prospexit.
1068 1003 1157 1068 Adde
1178 1004 1259 1086 quud
1281 1021 1379 1087 neque

282 1115 418 1182 Graecos
441 1115 482 1176 ita
505 1113 598 1174 verbe
621 1111 806 1176 intellexisse
826 1115 911 1177 testis
930 1120 976 1178 est
996 1115 1148 1178 Diodorus
1170 1115 1220 1196 qui
1235 1117 1380 1178 Deiecern

287 1223 336 1288 01.
362 1224 413 1302 17,
435 1223 455 1286 2
484 1238 589 1303 regem
612 1221 740 1284 electum
761 1238 831 1284 esse
853 1223 1040 1286 Herodotum
1062 1229 1199 1288 autorem
1222 1223 1309 1288 affert
1323 1231 1360 1302 ¹).

366 1333 470 1414 ltaque
483 1333 531 1394 his
544 1332 715 1396 constitutis
729 1331 768 1394 ud
781 1349 847 1394 eam
868 1333 1074 1414 quaestionem
1088 1335 1302 1398 transeundum
1324 1341 1384 1412 cst,

284 1443 412 1526 quaein
437 1443 650 1524 investiganda
672 1443 833 1505 verbomm
856 1436 994 1526 πύρεξῆ
1016 1435 1090 1506 ὅσον
1114 1441 1144 1506 oi
1175 1440 1300 1508 Σκύθαι
1319 1435 1383 1526 ’ἧρ-

285 1575 345 1637 χον
365 1553 516 1618 sententiu
531 1553 710 1616 continetur.
746 1551 964 1616 Valckenarius
986 1553 1078 1630 enim,
1096 1572 1183 1635 quem
1205 1573 1280 1620 unns
1291 1555 1382 1618 Grai-

286 1664 384 1742 lius2]
407 1667 551 1741 sequutus
574 1667 631 1736 cst,
654 1663 741 1724 ennis
766 1663 825 1726 128
847 1669 878 1724 et
898 1662 1051 1726 Medorum
1073 1662 1131 1726 100
1156 1671 1185 1728 et
1206 1665 1384 1748 Scytharum

289 1773 330 1838 28
352 1788 499 1835 annorum
521 1770 678 1852 imperium
701 1771 937 1853 comprehendi,
976 1773 1017 1836 ita
1038 1779 1091 1854 ut,
1127 1775 1154 1838 ei
1174 1773 1251 1838 illius
1273 1783 1386 1840 tentum

288 1884 414 1966 spatium
437 1887 581 1962 exputare
606 1881 708 1957 velis,
742 1882 813 1944 anni
836 1882 876 1944 98
901 1881 1079 1945 detrahendi
1100 1885 1177 1963 sint,
1209 1885 1386 1965 contendit;

290 1994 385 2058 ceteri
409 2007 534 2067 omnes,
560 1991 638 2054 inter
669 2007 745 2071 quos
776 1996 897 2071 praeter
919 1990 1115 2072 Conringium
1137 1993 1329 2058 Nieiutrium
1352 2003 1383 2058 et

288 2101 468 2185 Hupleldum
490 2102 625 2176 nominc,
646 2101 691 2168 ita
710 2102 747 2163 ab
772 2101 859 2164 annis
879 2101 936 2166 128
959 2118 1057 2168 ennae
1069 2103 1109 2166 28
1130 2102 1260 2182 excludi,
1284 2109 1316 2168 ul
1336 2105 1384 2167 in.

287 2213 372 2282 cluso
395 2213 573 2294 Scytharum
597 2211 811 2276 deminutionis
831 2218 967 2294 tempore
991 2229 1046 2293 per
1069 2230 1166 2280 annes
1183 2213 1242 2278 156
1266 2215 1386 2294 [128÷

289 2323 329 2388 98
353 2352 386 2382 .-.·
411 2321 495 2399 ledi
516 2322 595 2384 Medi
615 2321 781 2403 superioris
802 2322 897 2386 Asiae
921 2321 1034 2386 domini
1056 2323 1150 2388 luisse
1173 2325 1312 2388 dicentur
1332 2342 1389 2386 ara

289 2432 390 2497 bitreti
408 2437 486 2496 sunt.
531 2431 591 2494 lam
615 2429 702 2494 side
732 2431 918 2513 argumentis
950 2435 1093 2513 quaeris,
1122 2433 1228 2514 quibus
1261 2438 1389 2514 utmque

288 2557 362 2626 pers
393 2543 524 2618 nitatur,
554 2558 590 2603 ca
614 2558 713 2622 paene
746 2540 826 2604 nulla
856 2558 926 2604 esse
956 2544 1102 2623 reperies.
1147 2541 1265 2606 Etenim
1288 2559 1387 2625 neque

291 2667 369 2735 quae
392 2650 499 2714 similia
522 2650 737 2714 vocabulorum
760 2647 840 2735 πλὴν
868 2643 961 2732 ὅσον,
983 2651 1084 2734 χωρίς
1106 2642 1126 2734 ἢ
1151 2651 1284 2733 ὁκόσαι,
1309 2647 1391 2736 πλὴν

290 2747 331 2843 ἦ,
354 2759 455 2842 χωρύς
478 2750 498 2840 ἢ
522 2749 593 2839 ὅτε,
625 2754 708 2841 πλὴν
739 2755 761 2842 ἢ
783 2752 857 2824 ὅσον
888 2760 1024 2842 exempla
1052 2759 1140 2826 alieri
1161 2760 1389 2842 Valckenarius,

292 2887 381 2952 quum
401 2868 526 2933 totidem
546 2886 623 2949 quae
648 2869 831 2932 centrarium
852 2871 982 2950 probent
1007 2869 1096 2936 facile
1118 2874 1291 2938 enumerari
1313 2890 1387 2955 pes-

292 2981 362 3060 sint,
383 2997 450 3042 eam
467 2979 527 3042 imc
548 2978 618 3042 lucc
636 2979 763 3044 vocibus
784 2977 882 3061 πάρεξ
903 2971 926 3062 ἢ
949 2972 1022 3046 ὅσον
1037 2984 1096 3046 uim
1117 2983 1220 3048 inesse
1241 2999 1309 3048 cum
1331 3001 1388 3046 ne-

295 3089 437 3154 cessitate
459 3087 613 3168 elficiunt‚
643 3106 740 3171 neque
765 3089 905 3172 Huplcldi
926 3092 1153 3172 quaestionibus
1175 3105 1276 3158 annun
1301 3093 1389 3157 sill·

292 3197 344 3264 lud
365 3198 515 3262 vocabula
538 3197 691 3278 valerent,
720 3201 818 3279 potius
853 3197 904 3264 ἐπ’
925 3196 998 3264 ἔτεα
1021 3193 1133 3264 ἑκατὸν
1153 3192 1294 3286 ciprii}
1318 3196 1389 3268 ὅσον

295 3305 325 3374 οἱ
346 3305 473 3374 Σκύθαι
502 3300 602 3392 ἦρχον
633 3308 682 3372 vel
704 3301 856 3390 ἄρξαντες
886 3311 934 3375 e’n’
953 3307 1027 3378 ἔτεα
1050 3313 1217 3394 τριήκοντα
1238 3309 1294 3374 καί
1313 3303 1390 3376 exc«

295 3413 350 3484 τὸν
370 3418 455 3506 dapis
475 3418 599 3494 δύοντα,
615 3418 648 3482 ἐν
669 3424 750 3482 τοῖσι
771 3412 800 3479 οἱ
819 3418 944 3482 Σκύθαι
965 3410 1065 3502 ἦρχον
1086 3419 1245 3484 dicendum
1270 3421 1388 3502 tutsset,

296 3528 458 3612 quidquam
481 3527 662 3610 proficimus.
707 3529 810 3608 ltaque
831 3528 898 3592 sive
922 3529 1010 3592 nnius
1036 3532 1180 3612 cuiusque
1200 3532 1327 3596 arbitrie
1342 3534 1388 3599 rei

295 3639 475 3721 disceptatio
510 3635 672 3720 linquenda
694 3636 759 3700 sive
782 3642 865 3699 certa
888 3637 1036 3719 quaedam
1056 3638 1107 3704 lex
1130 3640 1311 3722 reperienda
1332 3647 1389 3718 cst,

295 3767 353 3832 qua
373 3747 517 3812 iudicium
536 3753 667 3828 regatur.
707 3746 807 3828 Atque
830 3746 912 3828 qued
933 3750 1087 3828 pestremo
1113 3749 1183 3814 lucc
1205 3752 1298 3832 posui·
1319 3758 1389 3814 ten-

295 3859 401 3924 teturis
415 3857 453 3920 alr
468 3873 506 3919 eo
523 3856 604 3937 quod
618 3862 665 3920 est
680 3856 889 3920 certissimum
899 3857 1150 3938 proficiscendum
1173 3866 1229 3923 eet.
1272 3861 1387 3925 atenim

299 4037 470 4046 ...μαψ-..-η
489 4037 570 4045 -μ
576 4040 585 4045 .

351 4123 380 4194 1)
398 4117 432 4186 li,
451 4119 494 4174 32.
514 4119 530 4172 5
567 4115 631 4170 ilem
649 4115 682 4170 de
702 4113 802 4170 Delece
821 4115 952 4184 cupitam
969 4093 1111 4170 diodorum
1130 4115 1248 4185 quamvis
1266 4115 1387 4167 nomina-

393 4218 462 4271 verit
480 4217 624 4286 cyaxaren
644 4215 688 4268 vix
707 4221 747 4268 ert
766 4211 998 4283 producerentur.

355 4310 385 4387 2)
408 4311 568 4371 Grnuhiclrte
587 4311 633 4372 ded
653 4312 764 4368 Oriente·
783 4307 867 4370 datar
889 4307 958 4368 1829
975 4323 1001 4380 p·
1024 4308 1074 4368 ¹⁹1
1092 4321 1130 4380 sq·
