3210 5012
746 445 966 522 ..4-

307 649 413 718 ÷usque
438 637 477 702 ad
498 637 613 720 imperil
642 637 729 701 finem
763 639 889 720 spolium
917 636 1131 718 comprehendi
1150 637 1314 707 contendit.
1358 637 1403 701 De

306 763 370 828 oua
393 748 536 829 opinione
558 765 618 830 quo
639 749 753 812 rectius
773 749 869 829 possit
889 747 1018 812 iudicari
1038 754 1127 828 atque
1152 749 1191 811 ad
1216 766 1318 812 veram
1338 750 1403 812 eius

302 848 477 922 sententiae
498 865 528 921 et
549 858 746 940 explicandae
762 865 793 922 et
815 857 1024 921 emendandae
1045 859 1194 922 rationem
1216 859 1263 922 vio
1285 859 1404 922 munia·

309 970 379 1048 tur,
399 968 456 1030 tria
477 968 663 1048 potissimum
690 973 841 1030 momenta
865 967 1079 1052 distinguenda
1103 974 1193 1049 sunt,
1221 967 1253 1030 in
1277 985 1402 1050 quorum

304 1075 494 1159 singulorum
529 1077 739 1160 disquisitione
771 1079 932 1159 disputatio
964 1084 1067 1141 nostra
1104 1079 1282 1142 versabitur.
1341 1079 1402 1142 lam

307 1185 433 1267 primum
454 1187 533 1249 enim
559 1193 590 1249 ut
613 1187 652 1249 de
673 1188 804 1251 numeris
824 1189 962 1269 quaestio
987 1188 1150 1269 disceptari
1171 1189 1285 1270 possit,
1321 1187 1401 1269 quod

308 1297 435 1378 spatium
458 1296 561 1360 verbis
584 1288 737 1380 ἄρξαντες
757 1297 813 1379 τῆς
834 1287 901 1360 ἅνω
917 1290 1035 1372 ’Ἅλυος
1056 1298 1202 1378 ποταμοῦ
1218 1296 1327 1381 Ἀσίης
1337 1297 1403 1360 He-

307 1407 435 1471 rodotus
458 1407 617 1488 complecti
637 1407 777 1486 voluerit,
801 1407 966 1471 eruendum
989 1415 1044 1471 est.
1077 1409 1123 1471 De
1144 1427 1202 1492 qua
1220 1427 1255 1471 re
1275 1408 1316 1472 ita
1337 1408 1401 1472 dis.

308 1518 455 1598 sentitur,
484 1524 517 1581 ut
537 1517 588 1581 alil
608 1518 702 1582 verita
721 1517 885 1599 premendo
906 1534 968 1581 non
991 1535 1080 1599 esse,
1108 1518 1165 1582 sed
1185 1521 1251 1582 sive
1275 1519 1317 1582 uli
1339 1518 1403 1582 llu-

307 1627 426 1710 ploldus
449 1629 487 1691 de
501 1634 566 1691 tolo
579 1635 725 1709 tempore,
742 1647 801 1709 quo
820 1629 867 1692 sui
884 1629 957 1692 iuris
968 1627 1048 1692 Medi
1070 1633 1166 1702 erant,
1182 1629 1247 1691 sive
1267 1627 1309 1690 uli
1329 1627 1404 1690 Nie-

307 1738 433 1802 buhrius
450 1743 477 1822 ¹)
502 1737 540 1799 da
561 1755 600 1800 eo
618 1739 715 1818 spatio
738 1756 797 1819 quo
820 1740 971 1802 civitatem
993 1756 1085 1821 reges
1102 1737 1336 1802 moderabantur
1349 1739 1400 1800 in-

308 1848 474 1931 telligenda
496 1865 588 1928 esse,
622 1847 672 1910 alii
702 1864 827 1931 quorum
850 1850 961 1928 primus
981 1849 1197 1913 Valckenarius
1220 1854 1248 1926 2)
1282 1849 1321 1911 de
1341 1830 1403 1912 su·

307 1959 482 2040 perieris
504 1965 617 2020 tantum
640 1959 732 2020 Asiae
754 1956 980 2038 dominatione,
1015 1961 1099 2022 cuius
1133 1966 1222 2023 autor
1242 1959 1403 2023 Plrraortes

306 2066 408 2149 luerit,
429 2067 623 2151 cogitandum
648 2083 718 2130 esse
749 2064 892 2130 iudicent.
930 2067 1028 2146 litque
1051 2065 1229 2129 exitiorum
1251 2068 1402 2128 sententia

299 2180 402 2241 aerbo
423 2177 474 2241 illa
497 2195 537 2240 ne
558 2177 647 2243 ullam
669 2175 789 2259 quidem
810 2193 908 2258 neque
931 2177 1109 2256 veritatem,
1139 2193 1238 2258 neque
1261 2176 1318 2238 vim
1343 2172 1403 2237 ha—

307 2289 436 2368 bereut,
472 2288 529 2351 sed
556 2288 628 2351 nihil
662 2287 741 2350 aliud
778 2287 837 2349 nisi
867 2287 921 2370 τῆς
954 2285 1085 2371 Μηδίης
1116 2278 1269 2369 ἄρξαντες
1303 2285 1404 2368 signi·

308 2398 444 2462 licerent.
488 2397 576 2474 Quod
600 2398 669 2460 dum
688 2397 754 2460 lieri
775 2398 909 2478 potuisse
931 2396 1063 2476 docear,
1085 2414 1147 2460 non
1170 2395 1301 2458 credam.
1341 2393 1401 2454 Ve-

305 2527 372 2574 rum
405 2527 444 2572 ne
467 2509 537 2592 quid
561 2515 667 2572 contra
696 2507 840 2571 llerodoti
872 2513 1038 2571 statuamus
1070 2506 1284 2568 senteutiama
1308 2503 1400 2567 lirmis

307 2617 510 2682 fundamentis
542 2617 792 2698 proficiscendum
823 2623 879 2680 est.
920 2615 1002 2698 Ergo
1036 2616 1205 2696 quicunque
1229 2612 1276 2680 l.1
1299 2613 1401 2708 ⁰·.¹⁰¹

306 2727 415 2791 verbor
437 2723 575 2810 Δηῖόκης
595 2729 654 2804 μέν
675 2749 732 2789 νυν
751 2723 784 2790 τὸ
807 2723 956 2811 Μηδικὸν
975 2720 1067 2796 ἔθνος
1088 2722 1285 2806 συνέστρεψε
1306 2723 1404 2804 μοῦ-

306 2858 374 2902 νον
405 2836 461 2900 καί
481 2833 593 2899 τούτου
621 2824 696 2918 ἦρξε
728 2837 941 2916 pensitaverit,
976 2834 1014 2897 ab
1047 2833 1133 2897 huius
1154 2833 1319 2897 testimonii
1346 2850 1404 2896 au-

308 2953 376 3010 tore
404 2946 463 3010 iam
482 2946 597 3008 Deioce
626 2962 701 3028 rege
735 2946 901 3026 superioris
924 2947 1016 3008 Asiae
1043 2945 1200 3025 imperium
1219 2943 1316 3007 Medis
1345 2943 1404 3008 ad·

301 3055 402 3122 -sorilti
423 3057 558 3138 potuisse
581 3072 705 3137 prorsus
727 3054 858 3137 negabit.
904 3052 1021 3117 Deinde
1042 3059 1193 3137 utcunque
1218 3071 1311 3118 voces
1345 3055 1363 3116 l.
1387 3052 1400 3114 l

307 3187 336 3235 e.
364 3165 424 3231 130
445 3162 542 3249 πάρεξ
563 3157 584 3249 ἢ
605 3159 679 3229 ὅσον
700 3159 730 3228 οἱ
750 3160 873 3227 Σκύθαι
900 3152 999 3246 ἦρχον
1019 3164 1241 3248 intelliguntur,
1270 3165 1400 3246 Scyllia·

307 3295 374 3344 rum
395 3279 427 3340 iu
448 3277 523 3340 Asia
546 3275 741 3339 dominationi
763 3273 840 3338 illius
858 3275 947 3356 spatii
972 3275 1085 3350 initium
1101 3294 1141 3338 ex
1162 3275 1308 3339 Herodoti
1327 3291 1402 3338 sen-

307 3389 402 3453 tentia
423 3387 628 3450 antecessisse
650 3391 783 3467 apertum
806 3391 863 3447 est.
924 3385 990 3460 Quo
1012 3384 1058 3464 lit,
1089 3392 1121 3448 ut
1142 3402 1180 3448 eo
1214 3384 1314 3447 iudice
1338 3385 1404 3447 sive

309 3499 452 3564 Phraorta
475 3515 560 3580 rege,
583 3498 648 3559 sive
672 3513 711 3560 eo
732 3503 868 3578 tempore
890 3497 971 3578 quod
994 3497 1139 3578 cyaxarls
1160 3493 1249 3578 regni
1267 3496 1352 3559 initio
1374 3501 1404 3558 et

309 3609 486 3692 Scytharum
507 3606 673 3670 incursioni
699 3605 855 3686 interluit,
878 3605 1043 3686 superioris
1065 3606 1159 3668 Asiae
1190 3604 1302 3668 domiui
1333 3621 1403 3668 esse

307 3718 388 3782 llcdi
420 3718 599 3799 inceperint.
647 3715 820 3780 Phraorlem
854 3722 951 3779 autem
983 3723 1104 3797 praeter
1124 3715 1269 3797 Assyrios
1298 3731 1403 3778 omnes

308 3829 368 3893 sibi
385 3830 477 3894 lisiae
501 3833 609 3909 gentes
629 3826 810 3902 subiecisse,
834 3833 896 3890 lota
915 3807 992 3890 'vero
1008 3827 1081 3890 Asia
1101 3825 1403 3908 primumcyaxarem
1469 3868 1477 3881 ,

301 3940 432 4024 ¹potitum
465 3954 535 4000 esse
557 3935 576 3999 l.
598 3935 612 3998 l
634 3954 662 3998 c.
682 3937 741 4000 102
764 3955 791 4001 e.
812 3955 842 4019 q.
861 3955 888 4002 s.
911 3936 1022 4000 docent
1036 3939 1076 4013 3).
1128 3936 1214 4013 Quod
1236 3937 1403 4019 proximum

410 4210 429 4264 l.
467 4247 473 4263 .

361 4213 390 4382 ἐξ
408 4226 560 4377 Weossoling
577 4303 610 4358 ad
629 4302 689 4358 lior.
708 4304 729 4370 l,
751 4303 810 4360 130.

362 4405 393 4479 3)
413 4406 435 4475 1,
454 4405 521 4461 102:
554 4402 788 4478 παραδεξάμενος
807 4400 838 4457 dt
858 4404 909 4472 (sc.
928 4399 1079 4471 Phraortes)
1096 4395 1150 4452 cde
1169 4393 1312 4472 α’νίεχρᾶτο
1323 4396 1402 4472 ρού-
