3210 5012
750 419 994 496 ..eppa

321 619 441 674 samma
460 615 628 691 moeretur,
650 621 690 674 er
709 610 749 673 iis
771 605 848 692 quos
865 611 934 674 Nini
954 611 1046 676 luisse
1068 615 1200 677 maiores
1213 602 1418 696 Abydenus&

317 720 412 783 tomis
431 726 478 782 ost
510 723 639 804 quinquo
662 722 691 782 in
713 721 812 784 medie
837 723 942 800 serie,
974 725 1085 803 primus
1108 725 1196 786 Belus
1219 727 1249 786 ln
1271 725 1418 806 principio

320 829 491 910 ponebatur
510 829 695 912 intelligitur.
737 831 804 896 Nou
826 837 938 894 tantum
960 839 1102 914 quantum
1123 835 1275 916 Georgius
1296 835 1325 896 in
1343 833 1418 895 cre·

316 938 423 1002 munus
446 941 581 1006 rationes
598 941 746 1004 saeviisse
767 941 886 1004 uidetur
905 939 1064 1018 Eusebius,
1088 957 1264 1026 quamquam
1288 949 1317 1004 et
1336 943 1365 1004 is
1380 949 1412 1006 oi

319 1049 389 1113 itini
411 1067 520 1114 annum
537 1049 636 1113 Xblll.
660 1068 727 1115 cum
760 1053 856 1133 primo
879 1052 1043 1116 Abrabami
1077 1060 1107 1116 et
1133 1050 1329 1135 Sardanapali
1358 1069 1418 1134 po-

323 1165 465 1223 stremum
488 1173 555 1222 cum
580 1159 732 1237 a.8162)
756 1179 815 1243 quo
838 1162 1008 1245 Lycurgum
1027 1162 1114 1245 leges
1142 1163 1245 1226 tulisse
1267 1158 1419 1244 Thucydi-

317 1270 377 1332 des
411 1275 498 1332 autor
525 1285 600 1332 csso
622 1268 740 1333 videtur
754 1273 782 1350 ³)
804 1280 1025 1355 componeret,
1056 1289 1200 1336 numeros
1223 1275 1338 1336 molare
1360 1287 1417 1336 co·-

318 1386 407 1444 aclus
429 1382 502 1444 erat.
546 1381 684 1463 benique
707 1387 739 1443 ut
761 1399 800 1444 ex
819 1383 948 1446 iliodori
973 1384 1160 1448 manifestum
1183 1390 1230 1447 est
1252 1395 1417 1465 compara-

318 1492 404 1554 sione
426 1492 532 1572 partim
554 1509 620 1555 curu
644 1493 789 1575 singulari
812 1492 871 1556 lide
891 1491 1023 1557 Ctesiam
1044 1496 1226 1576 exscripsit,
1249 1497 1357 1576 partim
1380 1493 1418 1557 ab

319 1617 360 1666 eo
382 1617 469 1682 quam
491 1603 621 1665 ‘maxine
643 1604 776 1668 decessit
802 1602 980 1686 Cephalion3
1004 1623 1072 1667 nam
1097 1606 1176 1668 idem
1200 1607 1250 1687 qui
1271 1604 1415 1670 terreno

318 1713 554 1793 Sardanapalum
577 1715 765 1778 successisse
788 1715 904 1794 relert,
938 1716 968 1777 in
1002 1717 1113 1778 celeris
1149 1715 1213 1777 lere
1238 1715 1417 1778 omnibusu

320 1821 429 1887 Cnidio
450 1840 489 1888 ne
513 1825 674 1888 dissentire
696 1826 816 1905 quidem
840 1827 968 1890 videtur.
1005 1828 1131 1890 Ceteros
1154 1827 1318 1908 scriptores
1337 1824 1417 1889 illum

318 1940 466 2015 sequutus
481 1951 720 1998 commemorare
736 1935 979 2016 supersedemus,
999 1938 1068 2016 quia
1087 1939 1151 1999 sive
1171 1938 1251 2018 quod
1273 1938 1303 1999 ln
1316 1937 1416 2000 ilino·-

323 2059 392 2107 nem
415 2046 535 2125 coditi)
556 2053 678 2128 propter
702 2037 895 2129 reliquiarum
918 2046 1099 2127 paucitatem
1122 2045 1160 2107 dc
1183 2060 1287 2108 eurum
1310 2045 1419 2106 delini—

319 2155 405 2218 tione
422 2162 588 2238 temporum
610 2155 685 2219 mihil
710 2156 812 2238 colligi
835 2161 950 2238 potest,
974 2156 1039 2218 sive
1062 2161 1095 2217 ut
1116 2155 1217 2217 bloses
1237 2155 1418 2218 Charonea·

320 2267 377 2346 sis,
401 2267 451 2346 qui
476 2264 591 2330 fabulas
604 2268 764 2330 Armenias
787 2285 853 2330 cum
869 2268 1054 2330 Graecorum
1072 2268 1250 2347 scriptorum
1270 2262 1416 2326 memoria

323 2377 442 2440 videtur
467 2377 701 2456 coniunxisset)
724 2378 834 2440 nullam
856 2385 1024 2459 temporum
1043 2378 1191 2440 rationem
1213 2375 1356 2439 habuere.
1387 2372 1419 2435 ld

324 2487 455 2569 denique
480 2487 635 2551 addidisse
657 2487 789 2562 iuvabit,
813 2487 894 2569 quod
916 2505 993 2568 quae
1016 2489 1114 2550 estin
1139 2501 1286 2549 annorum
1309 2473 1419 2547 numoss-
1436 2539 1448 2580 s

319 2599 365 2660 'ris
389 2597 550 2661 diversitas
573 2597 680 2661 eadem
703 2598 792 2660 ctiam
814 2599 995 2660 innumeris
1019 2614 1124 2679 regum
1143 2597 1336 2677 conspicitur,
1359 2607 1419 2655 na-

322 2723 380 2787 que
405 2710 504 2768 lamen
527 2722 585 2787 quo
610 2709 737 2770 consilio
766 2708 847 2771 ducii
868 2715 989 2790 praeter
1008 2707 1122 2769 blosem
1152 2711 1182 2768 et
1206 2705 1421 2787 capitaliorem

321 2815 470 2899 pleraque
495 2817 618 2878 nomina
644 2814 816 2880 addiderint
838 2835 943 2880 omnes
967 2817 1128 2880 obscurum
1152 2823 1217 2892 est3
1242 2832 1311 2878 nam
1331 2829 1420 2895 quum

321 2927 450 3008 siugulis
471 2926 512 2988 illi
535 2929 659 3008 regibus
681 2927 769 2988 nimis
789 2927 880 3008 longa
912 2943 1076 3010 regnorum
1102 2927 1196 3007 spatia
1220 2926 1309 2988 tribul
1331 2925 1422 2990 vidc-

302 3015 403 3116 'rena
425 3037 621 3119 probabiliori
643 3035 753 3100 rationi
777 3037 944 3101 consulturi
964 3055 1005 3098 ex
1024 3054 1081 3101 suo
1104 3035 1233 3100 ludibrio
1257 3049 1348 3118 reges
1370 3036 1422 3096 in-

322 3153 490 3212 seruerunt.
534 3146 673 3210 Ceterum
695 3154 726 3209 ut
751 3146 809 3211 boc
834 3147 893 3210 iam
913 3147 1118 3228 praeripiam,
1152 3163 1191 3208 ex
1209 3147 1298 3210 bisce
1321 3144 1421 3208 omni-

323 3259 380 3322 bus
398 3260 473 3322 sotis
492 3265 617 3340 apparot
632 3258 826 3321 laudamento
847 3275 954 3321 omnes
976 3273 1031 3320 eos
1053 3256 1236 3320 nitirnullo
1255 3256 1305 3336 qui
1327 3255 1416 3318 ullam

321 3367 534 3431 turbatissimis
564 3366 651 3430 bisce
681 3366 785 3431 rivulis
807 3369 857 3448 qui
892 3385 932 3430 ex
960 3383 1023 3430 uno
1046 3365 1146 3429 Clesia
1170 3381 1275 3429 omnes
1301 3363 1418 3428 fluxere

321 3479 411 3542 iidem
431 3478 571 3542 tribuunt.

377 3773 403 3840 1)
422 3769 456 3821 ci.
476 3768 538 3821 lius.
559 3769 600 3822 ed.
621 3769 690 3821 idoli.
710 3783 737 3836 p.
756 3765 803 3822 36.
823 3767 908 3821 bloses
929 3765 1042 3826 Gbcreu.
1063 3765 1103 3821 ed.
1124 3765 1245 3821 wileton
1263 3767 1286 3834 l,
1304 3767 1331 3819 d.

375 3869 403 3939 2)
423 3866 466 3920 rel
484 3865 539 3922 820
555 3873 585 3918 ut
602 3875 643 3920 est
661 3867 688 3918 in
707 3865 724 3918 l.
744 3865 776 3919 ll.

378 3964 409 4034 3)
428 3961 543 4031 Tlrucpd.
563 3963 584 4030 l,
606 3963 647 4020 l8.
1063 4007 1065 4012 .

321 4095 325 4104 ·
374 4060 405 4131 d)
425 4060 463 4114 cic
478 4059 580 4130 Fragm
597 4059 689 4112 bistor.
710 4058 833 4116 Graecor.
852 4057 893 4112 ed.
915 4058 944 4112 (i.
964 4057 1074 4114 lucllsr
1092 4057 1126 4112 ll.
1145 4075 1174 4128 p.
1194 4057 1238 4114 89.

376 4158 460 4228 d).ci.
482 4159 578 4214 doro.
598 4155 677 4212 cion.
694 4172 720 4226 p.
740 4157 776 4213 2⁰
794 4173 835 4227 sq.
851 4172 877 4210 c.
898 4158 930 4214 17
949 4173 976 4226 p.
998 4157 1034 4212 dil
1052 4163 1079 4212 el
1095 4173 1123 4227 q.
1143 4171 1165 4212 s.

772 4359 968 4376 m

1586 1615 1590 1742 l
