3210 5012
719 327 964 408 ...qq-

289 532 365 580 nere
385 515 515 600 functus,
537 516 589 584 ulti
613 535 654 582 ox
672 524 808 583 veterum
830 518 1066 584 testimoniorum
1081 518 1317 604 computatione
1330 519 1386 586 lli-

288 628 388 691 nivcm
412 627 483 691 olim
516 629 603 694 sitam
626 629 720 692 tuisse
743 630 912 710 suspicatus
932 637 959 710 ¹)
994 630 1113 694 tumulis
1131 632 1161 692 in
1184 633 1305 717 sinistra
1328 631 1381 695 Ti-

283 729 355 821 'gris
374 739 439 822 ripa
464 739 609 823 dispersis
638 739 845 803 coniecturam
868 739 991 804 videbat
1012 741 1201 820 confirmari,
1236 743 1299 808 lodi
1321 744 1387 806 ius·

290 849 405 926 sisset,
428 849 553 931 primunr
576 850 696 933 quidem
728 849 857 928 collem,
890 852 938 914 cni
959 858 1181 933 superstructus
1213 859 1260 915 est
1291 869 1386 938 pagus

288 957 428 1025 Ninouob
451 962 637 1024 exadversus
659 960 803 1036 llossuli,
841 963 1021 1041 perscrutari
1046 963 1168 1044 coepit,
1191 964 1245 1026 sed
1264 963 1293 1025 id
1316 964 1387 1044 qui·

291 1067 359 1133 dern
383 1072 463 1133 ornni
482 1087 627 1134 successu
652 1071 817 1134 destitutus.
876 1071 979 1156 ltaque
1013 1072 1195 1156 paulopost
1224 1073 1255 1135 in
1288 1073 1386 1135 vicum

290 1173 362 1245 ses'e
384 1181 510 1244 contulit
531 1199 548 1242 a
571 1179 653 1263 Tigri
683 1183 813 1262 quinque
847 1182 975 1246 millibus
1007 1184 1045 1246 ad
1072 1186 1294 1265 septentriones
1317 1165 1386 1247 ¹ver-

289 1309 342 1354 sus
364 1289 494 1370 dilatum,
517 1291 565 1353 cui
585 1307 694 1353 nomen
717 1290 935 1368 uersabat,
957 1293 1058 1376 ibique
1080 1293 1239 1359 ruderibus
1261 1295 1386 1376 remotis

289 1402 416 1484 primam
438 1403 469 1464 in
490 1402 587 1465 lucem
607 1399 727 1481 protulit
748 1405 865 1485 regiam
884 1405 1052 1486 Assyriam.
1093 1405 1180 1488 Haud
1205 1407 1296 1486 rnnlto
1319 1412 1389 1487 post

290 1512 520 1595 Francogallum
544 1512 660 1595 Anglos
683 1528 802 1598 quoque
824 1513 977 1596 Lapardus
1003 1533 1093 1597 quum
1116 1517 1174 1578 iarn
1197 1520 1284 1580 annis
1299 1515 1389 1619 1839,

294 1623 375 1688 1840
397 1630 427 1686 et
452 1620 531 1686 1849
562 1641 617 1704 per
648 1626 794 1688 minorem
829 1627 931 1689 Asiam
968 1627 1168 1727 reliquaeque
1185 1628 1278 1727 Asiae
1303 1645 1388 1728 par·

291 1740 350 1796 tem
382 1733 579 1816 proficiscens
616 1732 653 1796 de
689 1737 891 1816 disquirendis
928 1737 985 1800 illis
1013 1718 1271 1840 Mesopotamiae
1291 1717 1390 1799 tumu-

292 1845 330 1906 lis
364 1845 549 1928 cogitasset,
585 1846 659 1908 mire
692 1846 798 1907 Bottae
834 1849 1029 1926 proventibus
1060 1849 1200 1912 incitatus
1236 1849 1390 1948 proposita

293 1971 373 2017 anno
411 1953 528 2018 demum
556 1955 634 2019 1845
670 1955 796 2036 exsequi
834 1957 934 2054 coepit
958 1962 999 2033 ²).
1053 1957 1150 2037 Atque
1174 1939 1304 2054 primum
1322 1957 1389 2037 qul

294 2065 362 2128 dem
388 2065 468 2128 ubi
459 2084 519 2128 ram
542 2065 673 2149 quinque
695 2067 781 2128 annis
804 2072 873 2127 ante
897 2064 1101 2148 pyramidem,
1123 2067 1154 2127 in
1177 2049 1388 2145 Xenophontis

291 2176 428 2240 Anabasi
451 2175 510 2255 lll,
534 2173 573 2254 4,
596 2173 926 2254 icommemoratam‚
950 2181 1150 2258 reppererat,
1175 2191 1268 2256 prope
1290 2174 1388 2235 vicum

290 2285 461 2365 Nimrud‚
477 2285 638 2348 ollossule
662 2286 799 2350 secundo
820 2260 941 2349 llumine
956 2286 1061 2370 decern
1077 2287 1142 2348 lere
1158 2284 1286 2348 millibus
1304 2299 1391 2346 arno-

291 2402 353 2460 lum
376 2401 405 2457 et
429 2397 459 2458 in
483 2395 581 2478 Tigris
606 2395 739 2480 Lycique
764 2395 920 2461 conlluxus
942 2397 1053 2480 angulo
1078 2398 1186 2470 situm,
1217 2375 1392 2480 perscruta-

292 2508 424 2571 tionibus
438 2491 587 2569 'institutis
611 2524 683 2571 mox
705 2508 785 2603 tria
809 2507 946 2570 aedificia
969 2508 1055 2574 cruit.
1109 2507 1240 2581 Quorum
1265 2485 1390 2590 primum

291 2619 324 2680 in
345 2615 486 2680 ruderum
510 2611 674 2680 monticuli
689 2636 725 2680 ea
748 2617 877 2700 regione
901 2617 1063 2698 conditum,
1086 2614 1215 2700 quaein
1248 2632 1391 2683 occasum

294 2726 459 2790 brumalem
483 2725 701 2806 meridiemque
726 2729 891 2810 vergili),
916 2728 1043 2790 maxima
1068 2743 1107 2789 ex
1129 2732 1215 2807 parte
1241 2742 1280 2788 ex
1302 2731 1393 2787 vetu-

296 2838 421 2903 stiorum
451 2837 570 2900 aedium
601 2837 727 2899 materie
758 2844 940 2900 exstructum
969 2855 1039 2900 esse
1072 2837 1217 2917 apparuit.
1261 2835 1392 2910 Quarum

295 2938 386 3011 unam
416 2948 495 3010 inter
531 2947 755 3027 septentriones
787 2952 818 3008 et
842 2965 984 3010 occasum
1018 2947 1203 3012 solstitialem
1242 2947 1328 3011 sitam
1363 2953 1394 3010 ut

296 3057 449 3140 aliquanto
478 3064 548 3138 post
570 3055 719 3120 effoderet
741 3057 877 3140 contigit
910 3059 997 3133 Quae
1020 3059 1047 3121 si
1060 3057 1226 3140 benardus,
1247 3062 1389 3140 quantum

296 3167 386 3230 video
418 3183 479 3229 non
510 3167 690 3248 reprobatus
714 3184 731 3229 a
754 3160 952 3231 llowlinsono
986 3183 1076 3250 quum
1108 3185 1147 3230 ex
1177 3167 1243 3230 aliis
1269 3164 1391 3230 indiciis

296 3283 356 3340 tum
378 3295 418 3339 ex
440 3277 513 3340 artis
535 3275 638 3339 indole
661 3281 746 3339 reete
768 3277 901 3361 collegit,
925 3285 984 3340 tarn
1008 3280 1124 3340 tertiam
1147 3279 1176 3340 in
1192 3275 1303 3360 medio
1327 3278 1391 3340 rui.

293 3401 402 3450 norum
422 3386 587 3450 monticulo
612 3386 760 3468 prolatam
781 3407 867 3470 quam
893 3395 1011 3450 ceteras
1045 3391 1157 3450 omncs·
1185 3383 1338 3467 bucusque
1361 3389 1392 3452 in

297 3499 436 3582 Assyria·
460 3504 598 3578 repertas
632 3499 805 3579 antiquitate
830 3497 985 3580 praecellit
1004 3500 1042 3578 l).
1101 3497 1195 3574 Quum
1210 3583 1213 3593 Α
1230 3497 1392 3581 plerosque

306 3699 573 3714 W

351 3841 378 3912 1)
396 3838 460 3892 llum
480 3837 602 3891 llinirrm
632 3838 802 3894 exadversum
821 3840 928 3893 Morsali
957 3841 1039 3895 luisse
1062 3843 1138 3894 rium
1162 3843 1316 3910 praororttm
1335 3843 1392 3908 port

394 3935 484 3990 Turbii
503 3936 648 3991 commotu.
669 3935 819 4007 deogrrplr.
838 3938 858 4002 l,
891 3939 919 4008 (t
940 3937 974 3991 de
990 3936 1049 3992 loeo
1067 3937 1117 3992 ubi'
1131 3941 1181 3992 rita
1200 3938 1391 4007 flamniam)

359 4101 363 4106 Ι
402 4049 470 4087 nunc
486 4049 563 4102 namo
581 4036 634 4087 iam
651 4033 766 4103 negabit.
1227 4055 1233 4078 t

352 4132 381 4203 2)
401 4130 500 4199 bayard
518 4131 632 4186 Ninivelr
650 4131 701 4185 end
719 4132 754 4184 its
774 4131 904 4200 liemainr,
924 4133 1029 4188 london
1053 4131 1126 4188 4849,
1149 4130 1239 4193 uvel.

350 4227 456 4298 3)l.s.
478 4228 822 4300 lp.2t,³trq.p1.tt.
1133 4245 1137 4256 ¹
1276 4223 1281 4270 ¹

352 4323 682 4398 l)l.s.llp.192rq.
997 4327 1086 4363 :·.·.
1132 4332 1144 4367 '›
