3210 5012
739 460 983 534 ..30-

314 647 525 728 Busoiossoro·
539 647 628 728 (Iius.
651 651 736 712 A'rrn.
758 649 857 712 Auoh.
880 665 908 729 p.
924 649 981 726 54)
1011 653 1041 710 et
1058 645 1413 730 cynocaumatis

314 777 354 823 an
369 759 490 840 Assyrii
511 759 601 843 regni
613 759 777 822 eversione
794 775 861 821 cum
875 759 1059 822 Asianorum
1078 759 1222 843 gentium·
1237 755 1413 833 deiectione

316 869 459 932 actesia
493 869 655 933 commixta
686 875 716 932 ot
750 869 878 932 confusa
913 869 985 932 inde
1006 865 1050 932 ilii
1070 867 1414 952 fluxerintidiscopturi

314 980 427 1060 nequit
470 979 532 1044 Sed
553 980 603 1042 via
623 980 684 1042 hoc
706 979 798 1042 modo
821 980 933 1043 munita
954 1001 971 1044 a
993 980 1201 1044 Sanacbaribo
1222 979 1295 1044 ibde
1315 984 1412 1062 usque

314 1089 353 1152 ad
374 1088 651 1169 Nabopolossarem
672 1094 810 1168 tempora
831 1089 1003 1152 definienda
1025 1095 1104 1152 sunt.
1130 1089 1218 1163 Quod
1241 1105 1332 1171 quum
1352 1086 1412 1152 'anss

315 1205 368 1260 teo
391 1199 432 1262 ita
454 1197 570 1261 institui
592 1197 707 1260 soleret
730 1205 773 1277 ¹),
798 1204 831 1260 ut
848 1199 944 1262 Η.
976 1199 1084 1264 calculi
1101 1199 1189 1266 firmo
1214 1206 1319 1263 essent
1340 1199 1413 1263 iun-

313 1307 466 1391 damento,
488 1325 570 1370 nunc
585 1314 743 1389 postquam
757 1308 871 1389 primus
882 1309 1066 1373 Niebubrius
1084 1310 1120 1388 (l.
1136 1319 1180 1384 s.)
1194 1307 1411 1374 Berosum'sibi

313 1418 421 1481 ducem
441 1435 511 1481 esse
532 1417 682 1500 opinatus,
707 1418 746 1482 de
767 1436 873 1484 eorum
890 1421 1069 1503 integritate
1089 1419 1295 1486 dubitationes
1315 1415 1411 1484 morit

313 1546 441 1610 eamque
452 1535 525 1610 post
540 1529 622 1590 illurn
633 1529 804 1610 Moversus,
828 1547 916 1612 quern
930 1548 1028 1611 nuper
1049 1537 1174 1595 secutus
1189 1529 1410 1596 estsebeoen-

311 1657 402 1703 uerus
417 1637 545 1716 2)(Ρ11ι11
559 1638 839 1705 undNabonassar.
856 1639 962 1718 1850.)
978 1640 1102 1720 reiecit,
1122 1640 1243 1705 illorum
1261 1641 1408 1705 autoritas

315 1749 364 1814 vel
386 1751 493 1812 eontra
515 1763 570 1811 eos
590 1747 802 1829 defendenda,
825 1749 876 1812 vel
897 1769 965 1813 com
986 1750 1023 1814 iis
1045 1748 1216 1815 refellenda
1237 1757 1297 1815 este
1322 1749 1412 1814 ‘Neri

311 1861 471 1924 Moversus
490 1857 621 1938 (Phoen.
641 1860 676 1936 11,
699 1865 725 1937 1,
741 1857 800 1921 138
820 1866 883 1940 sq.)
905 1880 922 1922 a
945 1867 1087 1942 computo
1102 1861 1259 1942 protentus
1271 1857 1410 1940 ‘iosepbip

312 1968 363 2051 qui
384 1977 430 2046 (c.
451 1969 563 2049 Apion.
587 1969 611 2048 l,
636 1969 685 2031 17.
713 1968 768 2044 18)
790 1967 871 2030 inter
899 1968 1113 2052 Carthaginem
1142 1970 1299 2033 conditam
1321 1967 1411 2048 atbrie

312 2097 424 2143 annum
457 2079 671 2142 duodecimum
698 2077 842 2141 Hieronis
877 2076 935 2140 143
967 2095 1064 2140 annos
1099 2075 1276 2139 interfuisse
1304 2075 1408 2152 tradit,

227 2235 229 2240 -
313 2189 369 2269 (of.
395 2208 424 2270 p.
454 2188 528 2268 149)
561 2189 658 2252 ascito
692 2187 798 2250 iustini
821 2187 994 2251 testimonio
1020 2185 1147 2266 (XVIII,
1170 2186 1200 2249 6.
1219 2183 1256 2264 9)
1279 2181 1410 2248 Cartba-

309 2299 466 2382 ginernib
491 2298 578 2362 annis
601 2303 673 2362 ante
700 2296 733 2360 U.
757 2287 790 2360 C.
813 2315 883 2362 esse
906 2302 1111 2374 exstructam,
1132 2312 1243 2360 annum
1264 2293 1407 2358 Salomo-

309 2404 357 2470 nis'
381 2413 538 2490 quartum,
569 2425 657 2490 quem
676 2405 819 2472 Hieronis
847 2403 943 2470 fuisse
973 2403 1185 2469 duodecimum
1206 2402 1327 2476 Flavius
1358 2405 1408 2464 te-

309 2518 364 2582 stis
387 2523 434 2582 est
461 2517 496 2594 (l.
519 2536 544 2582 s.
570 2524 600 2581 et
622 2520 694 2581 Ant.
710 2517 795 2596 viil,
821 2515 870 2598 3),
901 2533 995 2582 anuo.
1012 2513 1074 2580 969
1103 2534 1131 2577 a.
1157 2514 1228 2578 chr.
1253 2511 1406 2596 adsignat.

312 2626 370 2702 Qui
392 2628 536 2708 quoniam
568 2628 656 2691 aunis
680 2627 721 2691 43
742 2628 781 2692 ab
804 2646 840 2691 ea
861 2624 1196 2704 subductionedistot,
1229 2640 1308 2705 quae
1331 2621 1407 2685 solis

308 2735 345 2800 V.
367 2735 399 2799 'l'z
422 2736 529 2800 rn'titnr
550 2737 696 2816 numeris,
719 2755 786 2800 eam
806 2735 930 2819 'aequali
956 2735 1282 2820 ceterarum-gentium
1306 2732 1410 2796 bisto-

309 2845 357 2910 ris
387 2846 465 2910 duce
494 2847 655 2930 corrigere
681 2845 805 2927 incepit.
855 2849 914 2910 iam
949 2865 1039 2929 quurn
1059 2841 1268 2910 Hebraeorum
1297 2859 1409 2928 regum

310 2955 457 3020 memoria
472 2955 633 3020 Israelitici
649 2954 767 3034 imperii
781 2955 985 3018 exstinctione
1000 2956 1031 3017 in
1044 2953 1119 3018 duas
1132 2960 1235 3036 partes
1249 2949 1412 3033 dispesca-

310 3067 369 3144 tur,
393 3083 519 3147 quarum
541 3065 781 3147 uniuscuiusque
805 3064 883 3126 ratio
896 3070 1066 3146 temporum
1090 3065 1214 3128 diverso
1237 3061 1329 3126 modo
1353 3058 1412 3124 de-

308 3173 444 3240 finienda
465 3183 530 3258 est,
562 3183 595 3238 ut
616 3175 736 3238 numeri
756 3181 855 3253 unum
879 3175 1014 3258 corrupti
1043 3176 1105 3240 sint
1124 3191 1225 3238 necue
1246 3169 1413 3250 disceptari

310 3291 411 3368 queat,
438 3284 477 3347 de
495 3303 614 3366 quaque
641 3268 954 3368 seorsum'agendum
976 3285 1043 3350 erit.
1093 3287 1141 3348 Ao
1164 3279 1410 3367 primoquidem

309 3395 381 3461 loco
405 3395 444 3458 de
466 3394 583 3476 altera,
611 3395 660 3460 cui
682 3395 768 3476 plura
791 3402 821 3457 et
850 3414 889 3458 ex
911 3395 1149 3479 Babyloniorum
1173 3401 1203 3458 et
1227 3411 1267 3456 ex
1284 3393 1413 3474 Aegyp-

309 3507 421 3569 tiorum
437 3505 598 3570 annalibus
614 3505 851 3586 comparationis
871 3513 1023 3570 momenta
1044 3503 1282 3587 suppeditantur.
1307 3504 1411 3584 itaque

309 3622 343 3679 ut
362 3616 490 3696 primum
507 3633 576 3679 cum
594 3621 758 3686 Beros}
771 3615 941 3679 rationibus
956 3617 1092 3679 rationes
1103 3615 1139 3678 t.
1151 3613 1186 3678 T.
1210 3613 1410 3702 conferamus,

311 3742 352 3788 ne
375 3724 474 3804 desit,
498 3742 557 3806 quo
585 3725 694 3806 pedem
717 3724 864 3808 tigamus,
887 3743 925 3788 ex
948 3725 981 3792 V.
997 3725 1031 3788 T.
1052 3731 1214 3825 computo,
1240 3739 1356 3805 expuo
1379 3737 1407 3782 a.

311 3831 467 3897 Henekiae
483 3835 621 3898 decimus
635 3841 759 3917 quartus
770 3852 851 3899 anno
864 3837 923 3902 711
938 3834 1046 3898 incidit
1057 3833 1112 3933 (ci.
1122 3853 1145 3899 s.
1159 3830 1187 3918 p.
1204 3833 1321 3916 18sq.),
1343 3828 1410 3910 pri-

313 3961 394 4042 rnum
418 3943 619 4010 senacharibi
640 3963 752 4012 annum
775 3965 845 4012 esse
867 3945 929 4012 713
951 3945 1109 4010 sciendum
1135 3930 1190 4012 'est
1233 3945 1307 4008 Nam
1330 3937 1413 4023 quod

308 4113 585 4130 m

368 4209 395 4276 1)
413 4205 454 4259 ci.
475 4207 588 4276 iiupield
608 4205 627 4260 l.
648 4223 671 4261 s.
692 4209 702 4260 l
721 4223 746 4276 p.
769 4210 802 4262 51
827 4206 886 4262 ttae.
909 4212 941 4261 1.·

366 4303 394 4374 2)
413 4302 492 4354 Hisce
512 4311 675 4372 quartumet
693 4303 812 4373 quintum
831 4317 901 4356 nuuc
929 4304 1058 4358 accedere
1084 4303 1161 4356 uideo
1181 4299 1373 4393 Bbsr'nquotour
1385 4301 1414 4355 iu

412 4401 551 4454 Athenaeo
570 4416 595 4456 o.
609 4400 676 4456 1851
696 4399 727 4456 n.
749 4399 912 4473 caesapo
928 4395 1163 4472 semproniano!
1181 4395 1214 4476 ri)
1232 4416 1250 4428 ¹-
1268 4389 1283 4426 ⁴¹
1343 4400 1347 4421 ¹
