3210 5012
746 394 989 467 ...12-

318 579 510 666 asslgneient
524 589 579 660 *Js
611 581 698 658 Quod
720 597 807 667 quam
831 582 938 646 falsum
958 585 998 650 sit
1017 603 1057 649 ex
1076 587 1114 650 iis
1135 597 1282 652 annorum
1304 605 1412 653 nume-

317 692 361 756 ris
381 691 574 776 intelligitur,
598 709 674 776 quos
693 694 822 758 Persicis
843 697 947 777 regnis
970 697 1073 762 tribuit
1097 698 1222 762 Ctesias.
1263 699 1308 762 Eo
1331 703 1411 764 cutm

318 806 395 865 teste
418 817 506 883 555555
534 804 627 886 cyrus
649 821 746 866 annos
768 805 828 882 30,
860 805 1024 889 Cambyses
1047 825 1074 874 e.
1099 809 1155 888 18,
1177 809 1286 872 Darius
1305 829 1334 874 a.
1357 812 1410 891 31,

316 909 436 974 Xerxes
457 931 485 976 a.
511 915 569 987 01,
599 913 785 976 Artaxerxes
808 913 819 974 Ι
839 933 867 977 5.
889 912 931 978 40
953 917 1170 998 imperaverit,
1199 919 1219 982 ii
1241 922 1310 983 anni
1332 938 1412 984 cou-

315 1025 453 1086 summati
474 1039 617 1086 summam
639 1041 784 1087 annorum
807 1040 884 1105 quos
905 1025 1027 1088 exhibet
1051 1028 1221 1092 lierodotus
1244 1047 1311 1092 oum
1337 1031 1407 1094 Pto.

317 1132 424 1195 lemaei
446 1149 565 1196 canone
586 1135 782 1196 consentiens
808 1135 825 1195 7
850 1136 938 1197 annis
969 1136 1104 1216 excedit3
1135 1137 1214 1201 adeo
1236 1146 1268 1203 ut
1290 1141 1317 1202 sl
1339 1141 1409 1223 Gyri

318 1257 414 1306 annus
434 1243 547 1325 primus
569 1261 609 1306 ex
629 1245 693 1306 eius
714 1245 882 1308 rationibus
903 1263 1000 1309 onnus
1019 1254 1101 1311 esset
1123 1247 1194 1329 550,
1215 1249 1334 1313 ultimus
1348 1252 1411 1313 Ar-

315 1353 449 1416 taxerxis
471 1369 498 1416 a.
523 1352 672 1416 incideret
689 1354 750 1417 017
774 1354 821 1417 551
846 1357 973 1437 septimo
997 1373 1078 1419 anno
1099 1365 1167 1439 post
1188 1376 1275 1439 quoru
1300 1377 1317 1421 e
1341 1377 1410 1424 cer.

313 1464 438 1528 tissimis
466 1463 684 1527 Chaldaeorum
717 1467 991 1546 computationibus
1017 1474 1146 1535 constat.
1192 1469 1300 1533 Verum
1328 1473 1408 1535 enim

314 1591 389 1638 vcro
411 1592 498 1656 quum
514 1573 699 1637 Persicorum
716 1591 821 1656 regum
836 1578 907 1639 anni
924 1583 1044 1658 praeter
1064 1579 1151 1640 unius
1168 1595 1265 1642 annos
1278 1579 1360 1642 05511
1373 1579 1410 1660 11,

316 1685 422 1750 Cnidio
447 1684 511 1746 iere
531 1683 665 1768 aequalis
681 1688 794 1768 corrigi
818 1695 1019 1768 nequeent²)‚
1040 1689 1131 1771 longe
1152 1690 1337 1771 probabilius
1361 1697 1409 1754 cst

314 1795 444 1858 ciceiam
466 1795 497 1856 in
522 1795 692 1861 deliniendo
715 1813 796 1858 anno
815 1799 911 1877 primo
935 1799 1005 1880 Cyri
1026 1816 1113 1880 quam
1136 1801 1166 1862 iu
1185 1817 1265 1862 anno
1287 1805 1410 1882 postre-

315 1923 364 1970 mo
377 1906 555 1969 Artaxerxis
575 1922 706 1986 errasse,
732 1907 840 1988 quippe
862 1908 947 1970 cuius
968 1915 1054 1971 aetas
1078 1911 1116 1971 ab
1138 1911 1217 1974 illius
1241 1918 1341 1974 aetate
1357 1913 1408 1974 ni-

315 2019 371 2081 mis
394 2031 489 2098 prope
510 2015 649 2078 abluerit.
668 2034 676 2046 *
695 2016 722 2078 A
751 2017 882 2078 certiore
916 2015 1007 2097 igitur
1038 2033 1118 2079 anno
1141 2019 1191 2098 qui
1215 2026 1261 2080 est
1294 2037 1321 2080 a.
1345 2015 1408 2081 104

313 2127 573 2210 proficiscentibus
596 2129 708 2208 primus
734 2143 761 2188 5.
785 2125 855 2207 cyri
885 2143 965 2189 anno
995 2127 1199 2208 1551611565,
1221 2133 1406 2208 prostremus

313 2237 456 2320 Astyagis
473 2254 501 2299 a.
526 2236 598 2314 566,
623 2237 751 2300 11565515
770 2237 882 2317 primus
905 2253 932 2298 e.
945 2236 1007 2300 880
1028 2243 1118 2319 atque
1138 2243 1308 2319 postremus
1329 2235 1407 2300 Sar-

315 2344 452 2427 danapali
482 2363 509 2408 a.
528 2344 611 2423 883,
642 2344 710 2409 Nini
740 2343 870 2426 denique
899 2364 927 2410 e.
948 2364 991 2426 pr.
1015 2365 1043 2409 5.
1065 2347 1156 2410 0188.
1208 2346 1298 2408 05155
1320 2364 1408 2409 com-

313 2458 373 2539 puti
399 2457 512 2520 veritas
547 2455 665 2519 duobus
690 2462 848 2536 praetcrea
879 2455 1050 2521 confirmari
1065 2449 1178 2539 ¹potest
1211 2456 1406 2539 argumentis.

310 2570 436 2633 Primam
474 2564 540 2647 plus
571 2565 650 2630 millu
686 2567 774 2628 aunis
808 2571 878 2628 ante
914 2583 1015 2629 acram
1053 2566 1212 2631 'troianum
1250 2567 1407 2647 imperium

312 2678 463 2745 conditum
487 2693 557 2740 esse
578 2676 794 2756 accepimus't)
823 2677 863 2740 ita
887 2682 918 2739 ut
942 2681 1045 2739 nostra
1071 2676 1196 2758 -quidem
1225 2680 1304 2740 ratio
1327 2695 1406 2741 con.

308 2794 408 2873 gruat,
431 2804 490 2870 qua
511 2787 590 2849 inter
608 2803 636 2849 5.
657 2785 723 2848 Nini
745 2802 790 2866 pr.
803 2793 872 2850 eta.
891 2785 970 2851 1183
992 2787 1204 2866 5555110051)
1226 2793 1408 2868 computan-

311 2907 369 2980 tur,
390 2897 485 2961 altera
508 2901 607 2960 autem
631 2895 793 2975 discrepet,
815 2911 893 2976 quas
908 2914 998 2978 quum
1011 2913 1093 2959 anno
1111 2897 1192 2960 0180
1205 2899 1322 2980 imperii
1346 2898 1406 2960 ini-

313 3011 354 3074 tia
374 3009 528 3090 assignet,
548 3005 628 3087 quod
652 3007 778 3068 interest
799 3004 925 3085 spatium
947 3021 987 3067 ns
1010 3005 1090 3068 mille
1114 3006 1233 3088 quidem
1258 3024 1405 3071 annorum

313 3136 467 3184 numerum
492 3119 619 3199 attingit.
662 3117 723 3181 Sed
757 3115 875 3178 accedit
905 3114 1053 3204 alterum,
1087 3117 1214 3199 quodsi
1237 3135 1317 3180 anuo
1344 3118 1407 3184 883

312 3231 428 3312 imperii
449 3226 536 3292 linem
559 3226 703 3289 incidisse
726 3227 849 3306 statuis,
877 3244 970 3308 quare
994 3227 1024 3289 id
1047 3233 1228 3291 momentum
1254 3245 1321 3290 cum
1345 3227 1407 3310 Ly-

313 3340 397 3422 curgi
412 3343 523 3417 aetate,
538 3352 626 3418 quam
641 3335 678 3397 55
691 3334 878 3415 Apollodoro
893 3341 921 3398 et
935 3335 1136 3400 Eratosthene
1153 3341 1180 3416 5)
1204 3336 1301 3399 cidem
1324 3355 1405 3401 anno

310 3451 492 3534 adscriptam
514 3467 584 3513 esse
606 3448 741 3525 suimus,
768 3463 785 3508 a
810 3445 941 3528 plurimis
963 3447 1063 3510 615515
1088 3454 1120 3509 ut
1151 3447 1270 3510 videtur
1300 3455 1406 3514 autore

314 3563 512 3643 compositum
534 3559 573 3622 sit
595 3556 818 3639 intelligitur⁶).
842 3555 903 3620 lam
924 3572 1012 3636 quum
1036 3555 1095 3621 duo
1118 3557 1167 3620 illa
1188 3557 1333 3640 Assyriae
1356 3559 1406 3624 ia.

313 3736 585 3754 —u--fl-t-

365 3850 391 3922 1)
410 3847 448 3901 cl.
465 3845 579 3914 llapisld
597 3844 644 3898 Ex.
663 3845 764 3911 11551,
782 3861 808 3911 p.
826 3844 853 3898 3.
874 3844 980 3898 Cliaton
999 3845 1028 3897 F.
1050 3846 1081 3898 11.
1100 3845 1122 3913 l,
1141 3861 1167 3913 p.
1188 3845 1241 3902 063
1260 3862 1320 3916 555.

363 3945 395 4016 0)
414 3943 448 3997 cl.
470 3943 575 4000 cruia·
594 3941 687 4013 fragm.
707 3940 750 3994 56.
770 3942 800 3995 G.
822 3941 931 3995 11551155
948 3957 974 4010 p.
996 3942 1041 3997 66.
1066 4015 1071 4028 .

366 4041 397 4112 3)
418 4040 453 4094 51.
468 4039 544 4092 Diod.
566 4039 599 4104 ll,
617 4041 661 4106 00,
681 4040 725 4094 30.

365 4133 394 4209 i)
414 4143 499 4206 Atque
517 4151 548 4189 55
565 4151 629 4189 rara
651 4137 753 4192 10055.
773 4137 887 4190 (iterium
906 4143 1046 4206 exputusss
1064 4136 1133 4190 15155
1151 4136 1286 4203 probatum
1300 4133 1403 4189 tuimur.

363 4233 391 4304 5)
411 4233 444 4285 51.
466 4233 666 4288 11555555565.
687 4234 899 4290 staats-Alieni.
921 4234 962 4287 56.
983 4234 1016 4288 11.
1036 4249 1063 4303 5.
1082 4229 1117 4290 60
1136 4231 1194 4285 lint.
1217 4230 1243 4284 9.
1353 4253 1355 4259 ,

365 4332 394 4411 6)
412 4330 735 4389 1155516511155556551.
755 4332 837 4387 dach.
847 4332 868 4399 1,
881 4332 930 4388 100
940 4331 1149 4388 5505161555.
1160 4325 1239 4397 1,6,1
1256 4328 1396 4386 eameram
1435 4359 1438 4368 ·
