3210 5012
719 470 963 546 ’'wi’'

283 668 349 718 rear
370 668 388 720 a
409 647 506 720 iudae.
522 651 773 734 pdnoiperiraa
797 653 908 718 auxilio
932 652 1299 720 arcessitumsraariam
1322 671 1379 737 pe·

283 761 371 826 tiisse.
381 762 550 848 multosque
563 780 668 828 seeum
689 765 719 826 in
735 765 890 845 Assyriam
906 762 1043 844 captivos
1064 762 1289 840 obdormiant
1302 763 1388 848 Reg..

287 873 338 951 15,
359 873 408 936 99.
435 871 484 949 16,
507 873 565 952 7);
600 874 731 938 Hoseam
753 873 952 936 israelitarum
985 891 1088 955 regem
1112 893 1128 936 a
1152 874 1380 941 salmanassare

283 982 395 1050 vietum
417 999 487 1050 esse
506 983 720 1067 imperiumque
742 1001 880 1048 eversum
901 983 936 1062 (1,.
955 1001 992 1048 s..
1008 984 1056 1065 17,
1079 983 1173 1053 3-7.
1197 983 1252 1062 91)
1265 1005 1284 1064 ;,
1298 1002 1378 1051 anno
1398 1058 1401 1067 ¹

283 1093 415 1178 deniqne
438 1101 506 1176 post
523 1093 677 1156 iiezeiriae
710 1111 868 1156 arcemone
890 1093 966 1156 XtV.
1003 1093 1239 1158 Sanaeiraribom
1270 1101 1375 1158 eontra
1398 1173 1402 1186 ι

283 1202 453 1287 Aegyptum
475 1201 641 1283 proiectum
659 1201 869 1284 Hierosolyma
894 1220 1013 1285 quoque
1035 1210 1182 1282 tentasse,
1199 1203 1256 1267 ‘sed
1277 1211 1307 1268 et
1322 1223 1402 1293 yse-¹¹

278 1313 318 1377 sti
339 1318 370 1376 et
392 1313 572 1376 adveniente
597 1311 742 1376 'lirhaeae
762 1314 899 1376 exercitu
924 1320 955 1377 ut
977 1313 1091 1379 rediret
1115 1321 1273 1392 eoactum,
1298 1296 1402 1404 haud}

280 1423 323 1486 ita
360 1424 451 1487 multo
482 1427 589 1506 posta
616 1423 743 1486 filiorum
779 1424 897 1488 duobus
921 1423 1146 1490 Adrameieoho
1170 1430 1207 1512 'et
1231 1423 1399 1511 serenare.

278 1535 457 1599 trucidatum
477 1535 714 1618 regnomtertio
734 1535 966 1599 Assarhaddoni
989 1535 1147 1621 reliquisse
1177 1534 1213 1615 (1.
1238 1555 1264 1605 s.
1287 1557 1314 1601 o.
1340 1537 1378 1604 18

281 1650 312 1709 et
337 1645 402 1724 19).
437 1643 498 1710 Sed
520 1651 679 1726 praeterea
714 1644 786 1709 nihii
821 1646 901 1731 qood
924 1653 1028 1710 nostro
1051 1649 1207 1729 proposito
1231 1648 1378 1714 inserviat

278 1755 419 1821 traditum
440 1756 610 1831 invenitur,
642 1757 703 1818 nisi
735 1755 816 1838 qnod
842 1756 957 1820 iesaias
978 1766 1022 1836 (e.
1040 1759 1106 1834 90),
1119 1759 1265 1840 sargonis
1288 1777 1377 1822 men-

277 1868 391 1931 tionem
412 1865 493 1946 feeit,
514 1867 564 1948 qui
586 1867 665 1928 inter
679 1863 914 1930 Sanaeharihum
935 1866 1232 1932 etSaimanassarem
1242 1869 1377 1950 Assyriis

277 1978 447 2062 imperasse
474 1983 504 2041 et
524 1977 664 2058 Aegypto
686 1973 927 2055 Phoeniciaeque
949 1975 1058 2037 beilum
1080 1979 1218 2041 intulisse
1246 1975 1376 2053 videtur,

280 2090 392 2154 deinde
414 2089 583 2152 Manassen
615 2104 633 2148 a
662 2101 738 2167 rege
764 2084 957 2166 Assyriorum
979 2084 1161 2166 Babyionem
1182 2101 1252 2146 esse
1275 2084 1376 2146 dedo-

280 2206 359 2264 etum
371 2198 406 2264 11.
427 2197 506 2261 iiber
519 2195 736 2259 chronieorum
758 2195 827 2276 (33,
846 2197 920 2276 11),
951 2192 1079 2275 denique
1102 2193 1214 2256 Tobiae
1237 2193 1314 2256 liber
1333 2192 1371 2254 ab

274 2311 436 2377 Ahasyero
458 2316 489 2372 et
504 2308 763 2372 Neboeadnezare
788 2323 928 2369 eversum
947 2321 1017 2367 esse
1033 2321 1160 2386 regnum
1181 2309 1317 2367 testatur.

361 2422 473 2500 Restat,
491 2425 523 2482 nt
538 2413 867 2487 ennrrleaetrrexrm
885 2415 1030 2495 demnis,
1054 2432 1082 2476 e.
1095 2431 1152 2496 syna
1176 2413 1297 2477 uitinrae
1310 2413 1375 2476 As·

279 2527 381 2610 syriae
401 2523 547 2588 historiae
568 2521 662 2601 partis
690 2524 856 2599 temporum
879 2517 955 2580 ratio
978 2520 1041 2580 iota
1063 2516 1198 2597 pendet,
1233 2521 1376 2586 accurate

279 2629 487 2694 constituatur.
528 2624 627 2705 Atque
658 2627 725 2685 uta
750 2627 835 2685 aerio
856 2619 985 2702 quodam
1019 2625 1172 2682 momento
1194 2616 1390 2701 pr'oiie'isea·⁴

279 2748 366 2810 mur,
396 2730 434 2793 ab
457 2745 486 2793 a.
508 2725 586 2794 xlv.
609 2723 762 2790 Heneiriae
795 2739 891 2805 usqae
917 2722 955 2785 ad
980 2739 1008 2784 a.
1031 2740 1058 2784 a.
1083 2717 1151 2784 Chr.
1172 2719 1251 2800 586,
1273 2719 1376 2785 idebu-¹

280 2832 459 2898 eedneaaris
484 2827 563 2893 XiX.
576 2872 588 2905 ,
619 2842 679 2907 qno
702 2823 912 2906 Hierosolyma
941 2830 1112 2906 expugnata
1136 2829 1206 2889 aunt
1238 2819 1394 2926 (ii‘iregg

280 2936 333 3014 95,
349 2936 396 3017 8),
414 2933 450 2998 in
470 2931 505 2996 V.
528 2930 561 2993 Τ.
585 2931 663 2992 haee
683 2939 779 3009 regna
800 2933 957 2990 notantore

605 3029 737 3094 iieaeiria
757 3045 784 3091 ri
807 3046 834 3090 a.
856 3029 893 3092 15

607 3131 750 3196 Marassa
799 3148 836 3198 a.·
850 3130 891 3193 55

602 3234 734 3300 Ammon
800 3250 828 3300 a.
872 3232 893 3295 9

605 3336 685 3402 {osia
803 3353 829 3398 a.
854 3332 909 3397 31.

607 3439 717 3504 loairas
857 3471 898 3488 -ω
918 3435 939 3500 3
962 3453 1001 3500 m.

608 3539 733 3606 loiairim
797 3557 829 3604 a.-
853 3539 888 3603 11

607 3641 742 3707 loiooirin
847 3675 890 3691 -
911 3639 930 3702 3
952 3658 990 3704 nr.

608 3743 741 3808 Zedeiria
795 3760 827 3806 a.
852 3744 888 3805 11

705 3829 997 3848 Μ

649 3853 903 3921 sommantio.
948 3849 1030 3914 tim.

281 3964 343 4030 lam
376 3979 464 4046 quom
492 3959 643 4027 Zedeldae
673 3981 782 4027 ennom
811 3957 863 4024 XI.
899 3975 979 4023 anno
1008 3953 1274 4022 Neboeadnezaris
1298 3943 1377 4016 XIX.

284 4065 400 4146 (5861.
416 4064 501 4143 Cirr.)
518 4065 663 4130 incidisse
686 4069 805 4131 oonstet
826 4061 882 4138 (ei.
899 4060 925 4125 ll
941 4062 1014 4142 neg.
1030 4061 1081 4140 95,
1092 4061 1121 4124 9.
1145 4059 1201 4126 ier.
1219 4059 1270 4130 59,
1287 4056 1322 4130 5)
1339 4059 1397 4134 ¹)‚.

284 4175 374 4251 atque
396 4167 478 4250 qood
499 4165 538 4229 de
557 4165 608 4231 iiio
621 4185 688 4230 earn
715 4162 896 4231 confidentia
919 4168 1018 4244 potest
1035 4160 1185 4225 contendi
1199 4169 1269 4219 eunr
1290 4171 1377 4215 oom-

283 4269 395 4356 pieton
416 4284 476 4332 aon
498 4268 605 4346 inisse,
618 4268 700 4332 idem
723 4276 754 4332 in
774 4281 864 4330 unum
877 4279 996 4347 qaoque
1016 4279 1056 4326 ex
1073 4268 1243 4327 ceterorum
1259 4262 1392 4339 regom·

340 4424 367 4497 1)
385 4420 422 4476 ei.
443 4418 551 4474 Loebeii
570 4417 735 4490 Weltgmeh.
753 4417 766 4472 1
784 4433 810 4487 μ.
828 4413 882 4471 563
900 4430 940 4486 sq.
1029 4475 1033 4484 ,
