3210 5012
644 431 891 508 -et-t·

214 641 280 700 νοις
311 617 372 686 tut
396 617 612 707 Σεμιράμιδος
634 625 690 707 τῆς
720 621 889 705 Ἀσσυρίας
921 621 1095 706 κτισθῆναι
1119 621 1178 707 τὴν
1199 597 1315 706 Βαβυῖ

217 735 371 798 adaunot
386 728 610 814 vuldetradam
625 732 927 816 κατασκευασθῆναι
949 735 1025 816 περὶ
1043 729 1147 816 alioqu
1164 729 1216 798 ὕπ’
1233 733 1316 798 ἐκεί.

218 852 271 927 atq<
293 839 370 928 ἔργα
389 843 519 924 ψευδῶς
540 838 716 927 γεγραφόσι
742 841 798 920 (ol.
819 843 999 924 Abydenum
1021 857 1068 924 up.
1091 841 1162 911 llus,
1183 843 1246 932 lp
1256 845 1317 908 77:

219 953 276 1036 „da
311 953 388 1016 Nino
421 959 451 1016 et
482 951 680 1018 Semiramide
711 951 791 1016 nulla
826 953 900 1035 ipsis
937 962 999 1030 (so.
1032 951 1207 1033 Chaldaeis)
1242 933 1318 1030 eura

218 1063 321 1142 ast'),
358 1062 488 1132 lutoitur.
538 1061 620 1126 ldem
655 1063 786 1146 denique
819 1066 849 1125 in
879 1069 1062 1144 postremum
1101 1054 1231 1142 omnium
1262 1080 1299 1125 oa

219 1173 262 1235 dlt
279 1171 527 1255 Sardanapalum,
549 1174 579 1236 iu
600 1173 685 1237 ouius
705 1175 881 1237 memoriam
902 1173 1007 1236 multas
1028 1192 1067 1236 ex
1090 1173 1139 1236 dei
1165 1151 1317 1266 Sandqnis

220 1281 299 1346 cultu
327 1281 445 1346 labulas
470 1281 631 1347 defluxisse
670 1284 777 1366 negari
804 1285 963 1364 ¹nequit1).
1012 1263 1240 1347 verumetiam
1270 1266 1318 1347 lats

220 1393 356 1457 omnibus
378 1394 508 1475 demptis
527 1413 567 1458 ne
589 1412 626 1458 ea
651 1391 779 1476 quidem,
801 1411 879 1476 quaa
894 1400 1008 1456 restant
1029 1394 1131 1456 omnia
1154 1412 1171 1457 a
1195 1373 1317 1474 dubita}

218 1508 301 1569 tione
322 1506 462 1570 immunia
484 1513 563 1570 aunt.
594 1505 798 1570 Probabilitati
818 1506 898 1567 enim
916 1520 1042 1586 prorsus
1060 1511 1217 1590 repugnat,
1235 1483 1317 1586 quod

217 1630 323 1701 regum
344 1617 492 1701 triginta,
515 1619 566 1700 qui
591 1635 619 1680 a.
646 1615 725 1681 1306
747 1615 964 1696 regnaverint,
986 1615 1081 1678 tribus
1102 1618 1254 1696 exeeptis,
1277 1591 1317 1678 ne

217 1729 441 1809 uuusfqnidem
474 1727 669 1800 memorabile
700 1725 862 1810 quidquam
886 1727 987 1808 egisse
1011 1725 1119 1789 dieitur
1156 1725 1212 1813 (ol.
1239 1725 1315 1804 Dio.

218 1837 287 1904 der.
307 1838 354 1916 =lt,‘
371 1839 426 1912 bd,
449 1839 516 1912 93).
555 1835 660 1917 Neque
682 1837 780 1898 minus
796 1837 838 1914 ,id
862 1837 942 1917 qood
965 1853 1019 1916 per
1046 1841 1089 1898 tot
1110 1835 1236 1899 saecula
1260 1817 1316 1914 tri-

218 1949 306 2029 qanta·
323 1952 436 2009 mutum
451 1963 553 2028 regas,
567 1945 608 2008 ita
624 1951 656 2008 ut
676 1945 752 2009 lilius
769 1953 882 2028 patrem
902 1945 1067 2028 exceperit,
1090 1932 1238 2027 regnasse
1256 1945 1316 2008 do-

219 2063 332 2135 oambr,
359 2062 489 2120 naturae
509 2053 628 2138 legibus
649 2055 837 2120 adversatur.
879 2057 981 2137 ltaque
1003 2062 1035 2117 ut
1062 2055 1173 2118 ueteris
1196 2057 1316 2118 omissis

217 2185 284 2230 eum
305 2172 418 2230 tantum
439 2165 558 2229 clasiae
582 2182 718 2230 errorem
740 2167 820 2246 quod
835 2145 940 2229 Ninum
962 2166 1065 2228 urbem
1082 2165 1120 2228 ad
1135 2163 1318 2246 Euphratem

224 2274 312 2337 sitam
334 2273 427 2336 luisse
446 2273 519 2336 dioil
539 2274 669 2352 addam,
690 2276 748 2336 iam
770 2292 809 2336 ex
830 2274 877 2340 bis
901 2282 1035 2356 apertum
1061 2275 1159 2336 estin
1181 2273 1320 2338 amnibus

226 2382 377 2446 derebus
401 2383 846 2464 Assyriorumquaestionibus
869 2391 906 2448 ut
928 2403 980 2460 xen
1012 2384 1131 2448 firmo
1154 2383 1320 2479 quodam

223 2493 487 2574 fundamento
508 2510 556 2556 ex
579 2493 658 2562 ur.
683 2494 828 2560 Berosi
850 2501 889 2558 et
908 2494 1318 2565 Herodotilestimo.

224 2603 324 2682 niis,
361 2620 487 2684 quorum
517 2603 661 2668 autoritas
687 2622 704 2667 a
732 2607 852 2687 pauno..
868 2603 1044 2678 addubitata
1065 2587 1219 2690 ipsorum
1241 2621 1321 2667 eon-

223 2727 315 2774 sensu
334 2711 475 2792 munitur,
496 2705 884 2794 prolioieoouduna
908 2727 1028 2791 assor
1046 2731 1087 2776 ne
1112 2720 1196 2777 oerta
1219 2713 1320 2777 desint

219 2827 390 2902 momenta,
417 2823 524 2906 quibus
542 2823 663 2888 Ctesias
684 2825 860 2890 memoriam
880 2823 1059 2903 metiamur,
1094 2831 1124 2888 at
1146 2831 1177 2888 ut
1202 2825 1319 2890 ratione

223 2917 376 3016 quomodo
397 2950 520 2996 errores
542 2934 590 2996 uel
614 2934 781 2998 excusandi
809 2935 855 2998 vel
879 2925 1051 3016 explicandi
1073 2936 1155 3016 sint,
1187 2935 1319 3016 quidque

223 3047 289 3107 sive
305 3043 603 3124 accipiendum,sive
624 3045 821 3108 refellendum
834 3044 883 3123 sit,
905 3044 1098 3125 disceptetur.
1120 3043 1193 3106 Nam
1210 3059 1319 3124 quem·

223 3149 384 3216 admodum
420 3169 458 3216 ne
492 3154 636 3234 nimium,
664 3156 766 3217 itane
789 3171 894 3234 parum
914 3151 983 3216 fidei
1002 3153 1122 3216 Ctesiae
1151 3131 1319 3218 tribuamus

225 3261 390 3327 carendum
410 3269 456 3326 est
477 3269 637 3344 propterea
657 3266 738 3347 quod
761 3265 905 3328 uberrimi
928 3265 1027 3332 fontes
1050 3265 1079 3327 ei
1092 3251 1240 3346 ‚poteraut
1261 3284 1319 3347 pa-

227 3376 299 3452 tero,
321 3373 391 3456 quio
415 3375 504 3437 eliam
527 3392 567 3435 ex
589 3374 718 3439 Persicis
742 3393 809 3437 eum
832 3359 975 3440 hausisse
994 3376 1149 3468 annalibus
1173 3379 1317 3461 (duorla-

226 3488 295 3554 καῖς
306 3483 493 3576 διφθέραις)
516 3487 679 3551 memoriae
702 3485 844 3551 traditam·
863 3494 909 3554 est
923 3488 1029 3564 (Diod.
1043 3479 1225 3567 ll,3'2,13).
1255 3487 1320 3550 lle-

227 3607 285 3672 qoe
306 3591 384 3656 illum
407 3593 447 3658 da
468 3594 545 3658 Nino
576 3601 664 3674 atque
684 3595 890 3675 Sardanapalo
921 3596 1041 3660 tabulas
1060 3597 1186 3677 pomum
1211 3597 1243 3658 iu
1269 3597 1320 3660 bi-

225 3698 349 3774 arariam
385 3704 564 3782 induxisse,
594 3703 674 3785 quod
711 3707 769 3768 iam
790 3705 961 3768 Hellanicus
993 3712 1155 3786 utrumque
1181 3711 1320 3768 domme·

225 3811 354 3874 muravit
386 3811 575 3881 manifestum
597 3818 654 3876 est.
704 3815 781 3889 Quid
804 3815 830 3876 si
854 3815 1023 3878 Herodotus
1046 3830 1165 3898 quoque
1181 3832 1320 3898 ‚quam-

226 3939 313 4006 quam
348 3925 588 3988 cetera1'omoia
625 3925 663 3988 de
695 3927 887 4009 Assyriorum
924 3927 1049 4008 imperio
1084 3945 1122 3989 ex
1150 3924 1319 4010 'Rabyloni-

232 4150 499 4162 *—

278 4301 307 4372 3)
327 4301 360 4356 sl.
381 4302 410 4356 0.
423 4302 534 4356 lluellar
553 4303 657 4357 Sandan
676 4308 728 4358 uod
747 4306 904 4377 Sardanapal
925 4308 950 4357 in
963 4305 1026 4359 blaa
1039 4305 1124 4360 llben.
1136 4305 1173 4359 lll
1192 4322 1217 4376 p.
1231 4309 1316 4380 eosq.

327 4399 429 4456 tdorors
447 4416 474 4472 p.
489 4395 543 4457 462
561 4415 601 4473 aq.
