3210 5012
608 451 975 526 ,..10..

307 630 437 697 taverlnt
458 650 579 715 annos,
610 640 750 720 quoniam
773 645 915 724 corrupto
945 657 1071 706 numero
1093 643 1223 726 margini
1250 646 1402 729 adscripto

304 740 413 806 lacuna
438 761 500 810 non
523 746 676 830 expletur,
708 767 833 830 prorsus
856 750 936 814 latet.
978 753 1172 817 successisse
1196 770 1288 838 reges
1311 754 1402 818 chal-

306 851 402 915 daeos
424 853 466 917 40
488 857 538 936 qui
559 874 586 920 a.
608 857 671 921 453
693 865 722 920 et
744 859 763 923 9
786 861 904 924 Arabas
932 864 983 944 qui
1005 878 1033 926 e.
1054 862 1114 926 945
1139 861 1285 946 Babyloni
1306 883 1401 948 prae-

304 959 423 1033 luerint.
468 965 539 1032 Post
568 985 644 1052 quos
669 986 757 1051 quum
778 971 953 1036 Semiramis
982 973 1011 1034 in
1032 973 1159 1056 Assyria
1191 975 1397 1037 514505111-

305 1090 377 1154 ceps
404 1092 494 1159 reges
528 1077 559 1138 in
584 1073 749 1160 Babylonia
775 1097 803 1142 a.
828 1079 891 1143 596
918 1083 1114 1166 regnaverint
1135 1090 1292 1167 sequutum
1329 1101 1399 1148 esse

303 1181 435 1248 Pbulum.
479 1185 596 1248 Deinde
621 1187 858 1254 Sanacbaribum
879 1191 1073 1273 Assyriorum
1103 1193 1268 1280 principem
1302 1186 1398 1278 regne

303 1310 373 1356 esse
394 1294 517 1376 petitum
539 1302 627 1380 atque
648 1306 717 1380 post
740 1317 808 1363 eum
830 1301 973 1366 continua
995 1303 1077 1366 serie
1098 1303 1164 1368 eius
1185 1303 1276 1370 lilium
1298 1304 1398 1368 Aser-

304 1401 422 1484 uanum,
441 1405 663 1492 Sammugbem,
686 1408 816 1492 denique
839 1412 904 1475 eius
925 1412 1059 1494 fratrem,
1083 1415 1132 1477 cui
1148 1421 1179 1479 ul
1201 1415 1280 1480 inlra
1303 1432 1400 1502 appa-

302 1512 380 1578 rebit
402 1515 608 1599 Sardanapalo
638 1535 748 1583 nornen
776 1519 889 1604 luerit,
925 1515 1145 1587 Chaldaeorum
1168 1542 1259 1608 reges
1292 1523 1399 1594 luisse.

302 1624 404 1688 Abeo
426 1625 699 1710 Nabopolassarem
719 1628 866 1715 babyloni
887 1631 1072 1715 praelectum
1096 1633 1249 1698 defecisse
1271 1635 1398 1700 Ninive-

303 1749 361 1816 que
383 1734 535 1818 aliquanto
557 1745 626 1821 post
645 1742 738 1822 petita
754 1748 783 1803 et
805 1751 975 1826 expugnata
996 1743 1035 1808 ad
1054 1744 1238 1828 babylonios
1250 1747 1400 1828 Assyrio-

301 1862 367 1908 rum
389 1843 623 1912 dominationem
645 1848 846 1927 transtulisse,
871 1859 920 1934 qui
945 1873 1011 1918 eam
1034 1855 1103 1919 dum
1129 1857 1248 1938 attyro
1266 1847 1403 1920 subiico.

302 1963 407 2020 rentur
427 1964 525 2039 (anno
548 1959 625 2038 538)
649 1959 842 2022 obtinuerint.

402 2065 463 2130 lam
482 2075 623 2152 quantum
647 2066 784 2130 damnum
808 2067 846 2130 de
870 2073 933 2130 lota
959 2068 1066 2131 Berosi
1093 2075 1257 2151 temporum
1281 2073 1398 2132 ratione

304 2175 491 2241 iudicaturus
511 2196 550 2240 ex
572 2179 688 2244 numeri
711 2179 789 2243 illius
814 2196 919 2242 rasura
942 2179 1041 2260 capiat
1064 2176 1250 2262 intelligitur.
1303 2177 1399 2252 Quam

305 2303 393 2370 quum
414 2287 583 2370 complures
605 2290 732 2352 relicere
757 2289 866 2353 lrustra
890 2291 991 2353 conati
1014 2289 1093 2370 sint,
1113 2306 1216 2352 veram
1240 2288 1320 2351 viam
1343 2306 1402 2350 nu-

304 2413 358 2478 per
372 2395 595 2462 Gutscbmidius
620 2415 704 2462 meus
726 2399 755 2460 in
777 2399 881 2461 Museo
897 2397 1045 2462 Rhanano
1059 2399 1223 2478 Welckeri,
1236 2395 1401 2475 llltschelil,

305 2505 463 2588 Bernaysii
482 2505 556 2590 tul,
578 2526 606 2591 p.
624 2511 685 2571 959
706 2525 751 2591 sq.
790 2509 946 2593 ingressus
977 2516 1033 2573 est.
1085 2510 1146 2588 Qui
1177 2504 1248 2590 quid
1274 2524 1402 2590 repere-

304 2615 342 2679 rit
376 2618 517 2697 quoniam
539 2618 684 2700 Assyriae
719 2635 838 2700 quoque
872 2617 1018 2682 historiae
1055 2635 1094 2679 ex
1128 2635 1165 2680 ea
1199 2634 1234 2681 re
1265 2615 1402 2679 nonnihil

305 2724 455 2789 redundat
477 2726 681 2802 emolumenti,
702 2729 836 2793 breviter
857 2727 1058 2792 enarrandum
1078 2733 1134 2795 est.
1165 2725 1284 2791 Etenim
1307 2744 1345 2788 ex
1363 2741 1401 2790 eo

304 2835 385 2918 quod
408 2836 619 2900 Callisthenem
641 2855 721 2900 anno
745 2857 772 2902 a.
797 2839 867 2903 chr.
880 2839 951 2918 331,
975 2855 1038 2930 quo
1049 2835 1224 2902 Alexander
1246 2834 1402 2918 Babylone

304 2948 415 3027 potitus
437 2954 495 3028 est,
518 2965 663 3012 annorum
682 2947 762 3012 1003
778 2956 991 3031 parapegmata
1015 2948 1208 3012 acuatdacis
1232 2953 1334 3010 notata
1351 2946 1402 3008 in-

303 3057 427 3122 venisse
441 3055 816 3138 constat(el.Simplicium
831 3057 869 3120 ad
881 3059 1005 3120 Aristot.
1017 3059 1056 3120 de
1068 3057 1173 3138 Coelo,
1191 3057 1210 3121 l.
1224 3056 1251 3121 11
1264 3077 1292 3140 p.
1304 3055 1362 3120 193
1373 3073 1400 3118 a.

306 3166 347 3229 cl.
362 3165 911 3251 8105111101.50011101555031)
928 3166 986 3230 lam
1002 3168 1183 3233 Niebubrius
1194 3168 1282 3246 (1.5.)
1292 3182 1401 3229 annum

304 3275 508 3345 1101119934
530 3277 628 3355 (1003
647 3294 678 3350 ÷
698 3279 758 3340 331
776 3309 808 3334 =
823 3279 923 3356 9934)
956 3279 985 3341 in
1008 3279 1241 3362 Babyloniorum
1272 3275 1399 3340 historia

306 3386 531 3450 memorabilem
546 3387 641 3450 luisse
656 3387 797 3454 coniecit.
835 3390 902 3464 Quo
916 3406 1005 3471 quum
1028 3389 1078 3452 ille
1091 3389 1228 3452 Medicae
1242 3385 1400 3468 dynastiae

302 3493 420 3560 initium
440 3497 605 3582 significari
627 3499 839 3577 arbitraretur,
864 3499 979 3562 maiore
1003 3518 1068 3562 curn
1090 3497 1301 3581 probabilitate
1324 3497 1400 3564 Gul-

305 3606 470 3672 scbmidius
484 3607 651 3691 dynastiam
674 3614 809 3689 quartam
831 3605 926 3671 luisse
939 3608 1120 3672 chaldaeam
1143 3607 1312 3690 suspicatus
1335 3608 1399 3670 eius

307 3735 416 3782 annum
431 3719 556 3800 primum
579 3735 659 3781 anno
681 3719 827 3782 incidisse
841 3718 924 3782 9934
936 3719 1054 3796 statult;
1079 3736 1167 3802 quam
1179 3718 1298 3801 quidam
1314 3735 1351 3780 ca
1365 3701 1397 3776 r‘e

306 3829 382 3890 mire
395 3827 600 3892 confirmatam
615 3829 730 3892 invenit
743 3829 935 3910 sententium,
951 3828 1031 3911 quod
1049 3829 1157 3893 lacuna
1169 3829 1226 3892 ista
1244 3848 1284 3893 ex
1294 3845 1329 3891 aa
1345 3841 1399 3888 ra-

306 3937 387 4000 tione
406 3955 434 4000 a.
447 3938 508 4002 958
520 3955 646 4004 numero
662 3941 781 4021 expleta
798 3947 893 4005 tolum
909 3959 927 4003 a
941 3938 1096 4022 Babylone
1107 3945 1254 4023 occupata
1266 3947 1309 4018 (a.
1321 3933 1400 4012 533)

306 4065 400 4133 usquc
426 4049 466 4112 ad
487 4066 598 4114 annum
621 4051 746 4131 primunr
779 4051 864 4133 primi
897 4058 966 4134 post
998 4059 1144 4116 terrarum
1174 4049 1403 4116 inundationem

302 4144 389 4242 regis
411 4142 553 4224 Chaldaei
588 4163 715 4244 spatium
738 4179 835 4226 annos
862 4161 1069 4244 complectitur
1089 4141 1218 4242 30000,Ι
1247 4175 1401 4222 numerum

305 4288 346 4334 ex
366 4269 403 4334 10
419 4267 535 4353 ,σάρων
557 4272 643 4354 cyclo
662 4273 837 4355 Babyloniis
855 4275 1048 4338 usitatissimo
1072 4271 1282 4351 compositum.
1326 4268 1401 4332 llam

307 4380 431 4447 fortuito
446 4381 478 4445 id
493 4381 604 4446 lactum
621 4399 690 4448 esse
709 4385 759 4449 uix
779 4385 937 4468 quisquam
957 4385 1072 4450 credet.
1117 4380 1202 4454 Quae
1221 4378 1403 4460 omniaque
