3210 5012
735 395 984 468 ..ω-

310 583 452 648 tuendam
470 590 571 649 numm
586 585 679 648 seriei
699 584 901 666 integritatem
921 585 1031 664 duplex
1051 584 1101 648 via
1126 589 1217 664 patet.
1255 584 1317 655 Aul
1329 582 1410 648 enim

308 694 524 778 Sammugis
548 697 700 775 fratris,
714 694 1240 776 autllalrupulassarisnumen
1256 693 1409 758 excidisse

309 805 471 886 putandum
494 813 549 871 est.
591 807 688 887 Atque
712 804 783 867 illud
805 803 925 885 quidam
940 805 1097 868 llorersus
1119 805 1160 867 itu
1185 805 1315 886 probare
1340 810 1408 868 stu-

309 914 370 994 det,
391 922 422 978 ul
441 915 658 998 Pnlghistnrem
684 913 815 979 ultimum
833 915 1028 996 Assyriorum
1049 913 1128 998 apud
1149 913 1280 980 Ctesiam
1300 929 1406 996 regem

311 1043 378 1095 eura
391 1025 644 1108 Nabupulassars‚
662 1031 798 1107 tempore
814 1024 942 1107 aequali,
960 1024 1105 1088 similibus
1126 1026 1280 1107 utriusque
1304 1025 1403 1088 nomi-

310 1137 357 1198 nis
378 1149 448 1217 „ser
467 1173 506 1186 -
519 1135 604 1216 apal’
625 1142 656 1198 et
673 1136 739 1218 „pul
764 1171 804 1184 -
820 1136 908 1200 asar‘’
930 1137 1015 1200 sonis
1039 1136 1207 1216 saduelum,
1232 1134 1409 1201 confudisse

311 1247 420 1310 deceat
431 1245 559 1323 (Phnen.
574 1245 596 1325 l,
605 1245 696 1326 463).
738 1247 828 1321 'Quae
849 1248 1008 1328 queminus
1031 1246 1120 1310 nobis
1138 1245 1322 1328 persuadeat
1335 1263 1408 1328 par-

311 1357 362 1418 lim
379 1355 452 1420 illud
475 1355 727 1438 prunibaumes
751 1374 877 1438 quorum
900 1359 1050 1422 neminum
1072 1357 1206 1438 partibus
1233 1357 1335 1438 'aliqua
1357 1358 1410 1422 in-

310 1465 439 1530 tersedit
458 1466 640 1545 similitudo,
663 1483 700 1530 eu
723 1473 785 1530 luta
808 1467 917 1532 nullam
932 1468 1121 1549 permutandi
1143 1486 1246 1533 ansam
1268 1467 1410 1550 offerunt,

181 1665 182 1668 Ἴ
312 1578 418 1661 parlim
440 1577 520 1658 quud
542 1584 653 1641 tanturn
675 1579 774 1659 abest·
791 1585 823 1642 ut
838 1579 1063 1661 chronographi
1085 1579 1320 1661 Nebupolaseuri
1334 1579 1408 1646 Sar·

313 1687 491 1768 denapalum
506 1692 643 1769 tempore
657 1706 760 1768 parem
780 1689 947 1773 imbuerint,
969 1698 1000 1755 ut
1022 1689 1082 1754 duo
1106 1689 1409 1771 propemedumsae-

313 1799 380 1863 eulu
402 1799 556 1881 utriusque
576 1801 667 1862 aetati
691 1798 865 1862 interfuisse
891 1801 1018 1866 tradant.
1066 1801 1180 1877 Quibus
1207 1801 1326 1864 aceedit
1344 1807 1411 1862 ter·-

312 1911 383 1975 tium
403 1909 484 1993 quod
504 1910 541 1972 ab
563 1909 629 1990 ipsu
641 1907 758 1971 Beroso
772 1908 1006 1988 Sardanapalum
1025 1918 1290 1974 commemoratum
1305 1910 1410 1988 luisse,

315 2022 447 2085 obseura
466 2021 545 2083 uinea
564 2017 704 2100 Abydeni
727 2018 838 2081 uerba:
877 2035 936 2100 „ex
955 2036 1013 2099 qua
1035 2028 1095 2096 (se.
1120 2019 1224 2098 Syria)
1247 2018 1408 2082 Sardana-

314 2133 409 2216 pallus
431 2146 551 2213 quoque
571 2129 702 2194 exstitit’
724 2127 1096 2210 (pertinendum.)
1118 2143 1173 2209 pru
1193 2124 1410 2191 certaeonur·

315 2249 396 2307 mant
409 2250 465 2320 ¹).1
488 2241 622 2306 Alteram
643 2239 822 2303 sententiam
844 2243 912 2320 poet
935 2237 1138 2302 Niebuhrium
1152 2238 1187 2316 [l.
1212 2245 1256 2316 s.)
1285 2233 1412 2318 liuplel-

315 2353 371 2418 dus
383 2369 439 2416 suo
454 2353 518 2416 inre
534 2349 698 2433 amplexus,
722 2356 844 2413 seculus
864 2349 1029 2435 Winerum‚
1049 2352 1090 2414 ita
1101 2349 1169 2414 lere
1181 2347 1302 2413 Eusebii
1316 2343 1411 2410 uerba

320 2465 428 2546 retingi
461 2463 559 2528 iuluet:
597 2461 684 2544 „Post
712 2461 891 2544 Summugen
915 2478 989 2525 uero
1012 2458 1244 2541 sardanapalius
1271 2457 1412 2542 regnavit

319 2593 349 2639 a.
374 2575 426 2649 tr,
447 2573 615 2654 posthunc
636 2571 1043 2652 llabupolassercheldaeus
1068 2588 1097 2633 a.
1124 2569 1163 2634 20
1180 2575 1220 2649 2).
1252 2567 1326 2632 lliu'’
1351 2571 1409 2630 eet.

217 2711 221 2715 -
318 2685 391 2749 llam
412 2699 501 2764 quum
512 2680 712 2760 sardanapali
731 2699 843 2746 numen
865 2699 922 2744 neu
942 2700 959 2744 a
981 2680 1108 2758 Beroen,
1126 2696 1185 2742 nee
1201 2678 1240 2742 ab
1262 2677 1412 2759 epitomu-

316 2796 433 2861 tulllrus
454 2791 690 2873 Nabopulassarl
712 2790 836 2854 inditum
852 2791 947 2854 fuisse
969 2792 1075 2871 possit,
1089 2789 1169 2852 hune
1191 2788 1229 2850 ab
1244 2787 1410 2851 illisoruis.

317 2923 394 2984 sum,
415 2900 729 2982 Sardanapalum
753 2917 825 2962 vero
845 2918 912 2962 eum
933 2900 1059 2963 fratre
1083 2897 1298 2979 Sammugis
1321 2911 1414 2958 eun-

317 3016 398 3078 dem
421 3029 508 3076 esse
531 3009 677 3092 colligere
692 3007 772 3072 linet
794 3007 866 3071 Cum
888 3008 995 3089 quibus
1017 3007 1098 3090 quod
1115 3007 1232 3087 utrique
1254 3004 1333 3068 idem
1356 3021 1412 3068 en·

318 3142 424 3189 nerum
437 3137 578 3187 numerus
598 3121 635 3184 ab
646 3119 777 3184 Eusebio
790 3119 972 3204 assignatur,
991 3135 1115 3200 prorsus
1127 3119 1292 3182 conuenire
1303 3115 1354 3178 uix
1365 3120 1413 3180 est

317 3237 398 3319 quud
420 3234 578 3300 addamus.
612 3230 674 3294 lanu
695 3236 726 3294 ut
747 3231 786 3292 ad
805 3229 849 3311 id,
866 3231 1089 3312 quoteudlmus
1105 3227 1296 3311 rispamini,
1318 3242 1412 3292 esse

316 3349 395 3411 inter
416 3345 538 3408 nomina
559 3342 678 3407 Serani
698 3347 787 3421 atque
808 3341 1081 3422 Sardanapali
1103 3336 1412 3404 similitudinem

320 3457 427 3541 negari
443 3455 555 3536 nequit,
574 3455 665 3516 immo
687 3452 817 3515 diuersis
838 3452 964 3514 ruribus
986 3450 1113 3516 eandem
1136 3452 1262 3516 subesse
1285 3450 1411 3514 lumnam

317 3567 438 3634 ostendi
465 3566 595 3629 fortasse
626 3563 744 3644 polerit.
793 3562 977 3643 Quamquam
1001 3561 1082 3643 quud
1106 3561 1260 3626 arlrlieium
1282 3559 1408 3641 exsugi-

329 3747 621 3770 Wl—

375 3850 400 3922 1)
419 3841 482 3901 uam
502 3843 640 3916 quominus
658 3841 828 3913 Sardanapali
846 3841 959 3898 numinis
972 3861 1060 3914 regem
1073 3846 1133 3898 ideo
1153 3855 1187 3900 ne
1206 3843 1336 3900 exstitisse
1348 3833 1409 3910 qul·

416 3944 475 3996 dem
493 3945 612 3998 liuverad
632 3945 777 4010 credemus,
796 3943 857 4011 quia
875 3942 943 3996 idem
964 3943 1012 3996 ille
1031 3945 1065 3997 sit
1084 3943 1133 4024 deo
1152 3944 1284 4010 Student,
1302 3941 1328 3994 id
1346 3953 1411 4008 pru·

415 4041 496 4108 hibet,
516 4042 586 4112 quod
605 4041 714 4094 deorum
733 4041 839 4093 numina
855 4041 1020 4108 Assyriorum
1041 4042 1147 4112 regilius
1176 4041 1238 4095 iude
1256 4038 1335 4104 sulita
1354 4052 1414 4092 esse

413 4146 522 4196 eaustut.
561 4139 595 4192 el.
613 4140 718 4196 llorere
736 4139 748 4192 1
765 4154 790 4206 p.
812 4135 870 4194 166.
888 4139 949 4194 290.
968 4139 1031 4194 stt.
1053 4138 1167 4207 llupleld
1186 4137 1198 4190 1
1218 4152 1244 4204 p.
1265 4136 1308 4189 rt.

368 4238 397 4307 2)
416 4237 575 4305 Quemquam
594 4251 629 4288 ne
647 4237 756 4290 Eusebii
776 4235 957 4307 negligentiae
978 4211 1170 4308 indulgeamus,
1191 4249 1225 4286 ex
1244 4233 1350 4303 luteplri
1369 4240 1413 4285 te·

415 4335 538 4390 elimenta
555 4334 758 4406 Nebopulaseeri
775 4335 810 4390 21
829 4336 891 4389 anui
908 4334 1039 4387 tribuendi
1056 4340 1125 4390 sant
1145 4329 1199 4384 rid.
1220 4331 1266 4388 inl.
