3210 5012
200 581 372 664 uiiounuuo
398 597 459 656 uox
479 576 604 666 πάρεξ,
633 582 664 646 id
685 580 765 665 quod
788 581 865 664 opud
885 581 1072 650 llerodotunr
1095 586 1161 657 tere
1181 601 1303 666 woper

201 692 266 767 ieri
289 691 452 772 uidepnur,
474 692 616 758 vocabuli
635 692 736 778 χωρίς
764 694 917 758 eximendi
939 697 999 760 vin
1023 695 1139 773 naoet‚
1168 695 1236 765 eive
1254 700 1303 766 eul

202 803 396 885 adverbium,
428 803 494 864 sive
516 804 701 889 praepositio
734 821 801 866 eam
824 803 1030 871 exclusionem
1052 805 1162 887 duplici
1184 805 1302 870 ratione
1384 831 1390 852 ·

203 913 282 981 ellici
302 931 393 996 posse
415 921 653 994 consentaneum
674 919 729 979 est.
788 914 862 978 Naro
885 932 963 996 quae
983 915 1091 980 vocula
1123 909 1222 1000 πάρεξ
1245 929 1299 976 se-

202 1024 362 1102 cluduntur
383 1026 423 1086 ita
444 1024 624 1091 sententiam
645 1023 796 1106 limitent,
829 1029 861 1086 ut
885 1030 935 1086 aut
958 1023 1047 1088 reluti
1066 1025 1097 1090 in
1120 1022 1167 1086 his
1196 1021 1232 1099 (Ι.
1251 1022 1304 1104 lll,¹

199 1133 277 1211 ddi:
309 1129 326 1196 ἁ
358 1132 394 1195 δὲ
414 1125 524 1210 πόντος
546 1129 563 1194 ὅ
587 1122 758 1210 Εὔξεινος,
789 1132 840 1196 e’n'
862 1125 897 1194 tv
919 1129 1124 1215 ἐστρατεύετο
1152 1135 1301 1216 Δαρεῖος,

201 1241 335 1326 χωρέων
354 1245 482 1313 moiun
504 1245 679 1325 παρέχεται
709 1236 769 1322 ἔξω
790 1240 847 1306 τοῦ
869 1242 1030 1313 Σκυθικοῦ
1051 1237 1148 1313 ἔθνεα
1172 1240 1302 1324 οἷμοθέ-

201 1375 320 1429 utura·
355 1343 429 1429 οὔτε
452 1349 515 1434 peip
537 1347 628 1428 ἔθνος
649 1354 711 1418 τῶν
732 1349 896 1424 deterreri
918 1348 1048 1420 Πόντον
1072 1349 1164 1419 niden
1186 1346 1301 1438 ἔχομεν

201 1464 422 1546 uoufluddur‘lttt
442 1464 558 1546 νοφιής
577 1465 672 1545 πέρι,
703 1451 775 1526 οὔτε
803 1453 905 1544 ἄνδρα
926 1461 1033 1542 λόγων
1055 1456 1186 1544 οἴθομνν
1207 1456 1300 1545 yero-

198 1593 297 1652 μονον,
317 1565 417 1656 πάρεξ
438 1573 493 1649 τοῦ
512 1573 672 1639 Σκυθικοῦ
694 1568 801 1645 ἔθνεος
822 1568 877 1634 ani
897 1565 1125 1656 Ἀναχάρσιος,
1158 1578 1298 1653 exemplu

199 1690 284 1765 parte
299 1688 393 1757 tntum
406 1684 596 1750 imminuatur
604 1705 614 1761 ;
638 1689 689 1747 aul
701 1681 783 1763 quod
796 1681 861 1744 deri
873 1688 996 1764 apparet
1013 1682 1045 1744 in
1059 1680 1107 1753 laia
1117 1681 1154 1758 (l.
1164 1680 1238 1758 Vlll,
1247 1684 1298 1761 ipa

201 1792 342 1876 dpeitpatir
356 1795 393 1863 dt
403 1795 465 1867 τῶν
486 1796 741 1874 pollex-‘terciae
755 1793 833 1856 νεοθν
847 1792 897 1855 e'n'
914 1790 1114 1874 ’Apreprt'oruv
1130 1782 1178 1873 ἦν,
1198 1789 1298 1875 πάρεξ

200 1907 266 1979 rein
283 1905 536 1985 πεντηκοντέρων
556 1903 616 1982 μία
631 1904 686 1973 κατ’
698 1897 915 1986 ἐβδομήκοντα
931 1903 986 1966 unt*
1008 1897 1178 1986 δοηνόοοοι,
1195 1910 1226 1966 ut
1240 1902 1300 1966 hoe

202 2014 421 2094 imaginentur
444 2019 626 2096 segregatae
648 2014 726 2092 panti
746 2029 816 2093 parc
836 2013 995 2078 adiicietur
1017 2017 1048 2074 et
1064 2013 1216 2094 utriusque
1240 2011 1299 2075 ad-

201 2123 316 2197 ditione
337 2129 431 2195 toturn
452 2122 608 2191 efficiatur.
646 2123 729 2198 Quae
747 2123 773 2192 ai
790 2140 857 2189 cun
871 2122 979 2186 hilaria
993 2121 1152 2192 verlrurun
1170 2122 1208 2195 tle
1224 2122 1293 2204 qui-

201 2231 257 2306 bua
275 2233 430 2312 quaeritur
450 2232 653 2314 explicatione
673 2231 857 2308 contuleris,
889 2231 939 2298 illa
973 2230 1156 2304 excludendi
1178 2232 1297 2294 ratione

204 2339 447 2419 Valckenariuna‚
461 2340 556 2406 ultera
578 2347 699 2406 ceteros
721 2341 901 2406 sententiani
923 2341 1076 2413 terminari
1096 2341 1213 2407 uidebis
1231 2347 1299 2404 atn-

205 2450 309 2526 tpiase.
332 2449 462 2536 Ratione
479 2450 570 2534 igitur
582 2457 703 2532 reperta
720 2468 778 2534 qua
800 2452 900 2519 uerbis
921 2450 1011 2516 inodo
1030 2451 1119 2530 haec,
1141 2449 1232 2523 inodo
1249 2451 1299 2518 ille

202 2561 248 2631 vie
267 2559 373 2639 subsit,
394 2577 445 2625 ree
467 2561 532 2640 ipsa
557 2563 669 2646 poterit
690 2559 862 2642 disceptari.
901 2560 1009 2627 Verum
1037 2577 1075 2622 ne
1097 2559 1187 2635 mulla
1205 2566 1297 2624 totum
1334 2619 1337 2628 .

204 2676 309 2756 parte,
333 2685 411 2753 quae
429 2671 525 2737 verbo
548 2665 649 2754 cripe}
669 2671 833 2746 secluditur
853 2671 945 2745 minui
966 2677 1026 2745 tum
1050 2671 1190 2750 videtui,
1215 2672 1243 2734 si
1264 2671 1295 2736 id

201 2781 282 2866 quud
303 2780 467 2852 affirmatur
480 2781 519 2845 de
532 2788 618 2866 parte
643 2782 671 2846 el
686 2780 766 2862 quod
784 2780 946 2852 aldrnatur
969 2780 1009 2852 de
1030 2787 1093 2854 toto
1115 2782 1298 2864 eaptpariunu

201 2896 247 2965 eet
260 2889 445 2976 alterumque
459 2891 497 2954 ab
511 2891 607 2957 altero
622 2897 760 2974 negatur.
782 2891 827 2965 llo
840 2893 919 2966 enirn
933 2897 1022 2974 paeto
1035 2897 1158 2974 propter
1172 2892 1203 2957 id
1216 2889 1298 2976 pund

200 2999 341 3074 seclusae
363 3000 528 3083 particulue
550 3017 617 3071 cum
645 3007 708 3067 loto
727 3003 880 3084 proprioru
908 3016 971 3072 non
998 3017 1068 3074 etet
1097 3000 1298 3086 praedicetur,

202 3109 252 3182 illa
273 3109 343 3179 ltuic
358 3110 549 3182 adnumerari
563 3127 662 3198 eoque
679 3109 897 3194 conprehendi
914 3112 1034 3191 decinit,
1050 3115 1140 3194 etque
1159 3127 1194 3185 na
1214 3117 1298 3196 purte

202 3226 295 3297 totum
317 3221 460 3304 privatur.
516 3219 604 3296 Quod
626 3220 781 3301 perlucide
804 3237 844 3284 ex
866 3221 952 3302 pruni
984 3221 1065 3304 quod
1094 3238 1184 3302 aupra
1214 3221 1298 3297 attuli

203 3332 332 3414 exempli
356 3331 603 3414 interpretatione
626 3331 792 3412 apparebit,
816 3332 900 3399 nnius
916 3331 1156 3404 sententialiter
1171 3337 1237 3406 esta
1259 3349 1298 3404 ne

204 3440 292 3508 utun
310 3439 431 3522 quiden
453 3441 607 3505 nationem
625 3457 727 3507 earum
743 3459 821 3524 quae
842 3447 911 3513 sunt
925 3443 1002 3514 intra
1019 3447 1153 3524 pentura,
1173 3441 1300 3523 eapien-

204 3551 265 3616 liae
288 3568 378 3617 causa
402 3568 580 3634 comparare
601 3569 772 3634 possumus,
793 3569 892 3636 neque
916 3554 1011 3625 uirrnn
1036 3553 1183 3627 eruditum
1205 3551 1300 3626 luiaae

203 3662 343 3736 uovirnua
364 3661 674 3746 praeterseytharun
694 3666 819 3746 penten
839 3667 870 3728 et
882 3661 1075 3734 Anacharain
1096 3672 1189 3745 (quoa
1213 3679 1300 3734 eorn-

203 3787 314 3856 pnrare
341 3787 501 3851 perruptus
523 3777 556 3843 et
577 3788 666 3857 quent
688 3771 835 3843 eruditum
867 3771 962 3849 luteae
996 3772 1150 3852 naviuin)
1168 3779 1206 3856 ¹l·
1246 3773 1299 3838 sin

203 3896 279 3959 pero
297 3878 378 3951 idem
395 3879 477 3964 pund
496 3879 536 3949 de
552 3885 715 3966 segregata
734 3881 930 3957 contenditur
947 3882 1117 3954 sententiae
1139 3887 1235 3962 purte,
1251 3881 1299 3948 al-

202 3991 258 4059 teri
278 4005 398 4072 quoque
417 3993 495 4072 parti
517 3991 565 4061 vol
587 3990 725 4074 inlinitur
744 3991 792 4064 uel
816 3991 906 4064 tribui
925 3996 1046 4074 puteal,
1080 3990 1174 4062 uerbo
1197 3988 1297 4073 πάρεξ

203 4100 286 4166 notio
303 4098 418 4166 notioni
433 4099 552 4169 additur
565 4100 758 4184 partitusque
771 4099 900 4183 alligetis
915 4101 1005 4164 tonus
1020 4117 1137 4166 summa
1152 4100 1281 4167 eldoitnr

249 4361 254 4373 .
271 4326 302 4398 lp
313 4324 444 4402 prinpia
461 4322 559 4391 adden
568 4324 667 4406 potenip
685 4331 820 4404 ιοτνονμ,
839 4324 1070 4406 repullularunt?
1089 4323 1203 4392 cenent
1216 4323 1295 4386 lenna
